3076 4944
339 407 404 457 nm.
427 405 441 453 1
464 404 538 454 car.
562 403 868 452 xxxvr-xxxvur
891 386 930 472 ξς
953 385 1131 455 101-107.
1268 387 1309 456 37

160 557 218 628 tet,
232 549 349 615 deinde
364 572 448 637 quae
463 571 654 614 causacum
676 548 744 614 loco
766 554 903 624 moveat,
918 546 946 611 si
967 546 1062 612 modo
1085 555 1233 613 movetur
1253 547 1311 613 ali-

160 652 298 738 quando,
320 674 421 738 porro,
443 673 518 717 cum
539 651 600 716 hoc
621 650 787 736 proprium
809 649 852 714 sit
873 648 1098 728 animantium,
1120 657 1159 715 ut
1187 649 1310 735 aliquid

159 758 322 836 appetant,
338 750 424 837 quod
446 750 489 815 sit
511 758 647 816 naturae
669 747 953 827 accommodatum,
967 749 1047 813 deus
1068 749 1148 835 quid
1169 758 1310 835 appetat,

160 853 201 917 ad
217 874 315 938 quam
329 851 468 938 denique
483 873 552 916 rem
573 859 664 917 motu
685 850 805 916 mentis
819 872 856 915 ae
870 850 995 915 ratione
1014 859 1135 932 utatur,
1149 861 1310 939 postremo

129 976 224 1046 5quo
253 954 348 1020 modo
377 954 492 1020 heatus
521 954 574 1034 sit,
602 975 667 1040 quo
696 952 792 1018 modo
821 960 980 1018 aeternus.
1031 951 1193 1040 Quicquid
1222 956 1310 1021 enim

159 1059 275 1124 horum
304 1059 457 1145 attigeris,
482 1058 582 1132 ulcus,
600 1066 657 1124 est.
690 1057 757 1122 Ita
782 1056 867 1122 male
896 1055 1049 1122 instituta
1077 1058 1160 1125 ratio
1185 1059 1310 1125 exitum

160 1162 298 1246 reperire
327 1183 394 1227 non
421 1133 561 1266 potestss
581 1161 635 1226 Sic
664 1158 752 1224 enim
781 1157 918 1236 dicebas,
945 1158 1085 1244 speciem
1109 1160 1163 1226 dei
1188 1161 1310 1248 percipi
1325 1176 1382 1237 105

160 1265 361 1350 cogitatione,
375 1287 441 1331 non
456 1234 563 1341 sensd,
576 1286 636 1329 nec
655 1285 724 1329 esse
744 1262 780 1327 in
801 1285 841 1328 ea
863 1262 964 1327 ullam
985 1263 1189 1344 soliditatem,
1204 1288 1309 1354 neque

160 1367 296 1432 eandem
317 1367 358 1432 ad
380 1388 552 1432 numerum
573 1388 769 1452 permanere,
793 1388 930 1451 eamque
959 1388 1028 1431 esse
1053 1368 1124 1454 ejus
1145 1369 1309 1447 visionem,

111 1499 147 1538 10
159 1480 197 1537 ut
208 1471 419 1538 similitudine
429 1480 463 1536 et
473 1470 663 1536 transitione
675 1478 833 1549 cernatur,
846 1492 951 1558 neque
964 1470 1094 1536 deficiat
1104 1495 1260 1559 umquam
1268 1495 1309 1538 ex

158 1576 295 1642 infinitis
315 1576 500 1662 corporibus
521 1575 677 1640 similium
696 1574 840 1653 accessio,
856 1596 1014 1661 excoque
1030 1574 1161 1655 fierint
1178 1577 1213 1643 in
1230 1578 1310 1644 haec

158 1678 286 1743 intenta
296 1700 388 1743 mens
398 1684 507 1743 nostra
517 1676 646 1742 beatam
657 1676 748 1740 illam
759 1683 909 1740 naturam
919 1685 953 1742 et
965 1677 1194 1763 sempiternam
1204 1688 1308 1765 putet.

106 1842 111 1848 .
158 1783 351 1848 XXXVIII.
368 1783 449 1861 Hoc,
457 1803 516 1867 per
527 1780 612 1867 ipsos
621 1780 704 1859 deos,
714 1779 754 1846 de
766 1780 882 1866 quibus
891 1780 1063 1866 loquimur,
1072 1782 1167 1868 quale
1176 1783 1309 1849 tandem

159 1886 231 1946 esti
274 1882 362 1946 Nam
377 1882 404 1947 si
419 1891 550 1948 tanturn
564 1882 659 1947 modo
674 1880 715 1946 ed
735 1881 963 1966 cogitationem
977 1883 1088 1950 valent
1105 1907 1165 1950 nec
1186 1886 1309 1951 habent

111 2012 144 2070 15
158 1985 259 2048 ullam
288 1985 485 2050 soliditatem
514 2007 574 2050 nec
603 1984 822 2062 eminentiam,
852 1984 931 2070 quid
959 1984 1104 2065 interest,
1131 1995 1243 2053 utrum
1268 1988 1308 2054 de

159 2088 423 2173 Hippocentauro
439 2090 537 2155 ande
556 2089 615 2155 deo
633 2089 833 2175 cogitemusl
856 2089 995 2155 Omnem
1012 2091 1100 2155 enim
1115 2092 1214 2158 telem
1233 2115 1309 2160 con-

158 2193 381 2257 formationem
396 2193 497 2258 animi
512 2195 610 2260 ceteri
625 2193 808 2280 philosophi
828 2197 953 2259 motum
969 2194 1099 2260 inanem
1115 2206 1237 2278 vocant,
1251 2220 1308 2264 vos

158 2305 268 2363 autem
283 2298 459 2363 adventum
472 2299 509 2363 in
523 2299 646 2364 animos
660 2307 695 2364 et
709 2297 879 2363 introitum
898 2297 1077 2385 imaginum
1097 2300 1213 2368 dicitis.
1258 2303 1308 2368 Ut
1323 2321 1380 2381 106

158 2400 260 2486 igitur
286 2401 333 2465 Ti.
360 2402 542 2466 Gracchum
571 2424 645 2466 cum
674 2401 785 2467 videor
813 2401 1054 2466 contionantem
1082 2402 1118 2466 in
1148 2403 1307 2490 Capitolio

109 2528 146 2567 20
161 2507 267 2571 videre
296 2507 336 2571 de
359 2507 403 2572 Μ.
427 2507 562 2573 Octavio
591 2506 790 2571 deferentem
812 2505 960 2583 sitellam,
983 2513 1055 2570 tum
1085 2528 1161 2571 eum
1182 2516 1308 2573 motum

157 2610 258 2674 animi
281 2611 352 2675 dico
375 2632 444 2676 esse
466 2610 605 2688 inanem,
626 2617 663 2674 tu
683 2616 794 2673 autem
814 2616 848 2673 et
868 2607 1004 2673 Gracchi
1026 2616 1060 2672 et
1081 2609 1208 2675 Octavii
1228 2610 1309 2675 ima·

157 2716 248 2800 gines
266 2737 440 2794 remanere,
461 2736 553 2800 quae,
573 2713 608 2778 in
630 2713 828 2799 Capitolium
848 2734 923 2777 cum
943 2713 1157 2798 pervenerint,
1177 2723 1247 2780 tum
1267 2715 1308 2780 ad

156 2820 303 2884 animum
320 2841 431 2884 meum
449 2819 649 2896 referantur;
671 2817 731 2882 hoc
751 2815 838 2880 idem
859 2815 930 2880 fieri
949 2815 985 2880 in
1004 2815 1072 2894 deo,
1087 2817 1178 2903 cujus
1197 2819 1309 2884 crebra

156 2926 237 2990 l'acie
259 2925 422 3011 pellantur
442 2923 552 3004 animi,
573 2944 613 2988 ex
637 2943 700 3009 quo
719 2943 788 2986 esse
810 2921 897 2986 beati
919 2928 1017 3007 atque
1039 2922 1163 2987 aeterni
1181 2923 1308 2990 intelle-

107 3044 142 3102 25
156 3037 283 3114 gantur.
328 3029 394 3094 Fac
419 3027 576 3113 imagines
602 3048 678 3105 esse,
704 3025 823 3112 quibus
847 3024 1019 3111 pulsentur
1040 3025 1159 3108 animi;
1187 3027 1307 3114 species
1322 3048 1379 3110 107

157 3136 327 3200 dumtaxat
342 3133 492 3219 objicitur
511 3131 689 3218 quaedam3
713 3150 792 3194 num
811 3129 919 3206 etiam,
935 3150 992 3193 cur
1013 3150 1051 3194 ea
1071 3129 1167 3194 beata
1185 3130 1236 3208 sit,
1251 3153 1309 3196 cur

156 3242 311 3304 aeternat
354 3238 446 3319 Quae
469 3244 580 3302 autem
605 3236 686 3300 istae
712 3233 871 3320 imagines
893 3241 1017 3300 vestrae
1042 3242 1100 3299 aut
1122 3235 1232 3302 undet
1275 3236 1307 3300 A

157 3341 341 3407 Democrito
370 3340 501 3407 omnino
530 3340 610 3404 haec
638 3338 787 3420 licentia;
817 3337 874 3402 sed
900 3344 935 3401 et
964 3337 1019 3402 ille
1048 3339 1259 3422 reprehensus
1287 3361 1307 3403 a

155 3446 268 3513 multis
297 3453 356 3525 est,
378 3465 439 3511 nec
461 3466 518 3510 vos
547 3443 672 3510 exitum
701 3441 857 3528 reperitis,
883 3448 1017 3526 totaque
1042 3463 1092 3507 res
1118 3443 1247 3507 vacillat
1271 3451 1307 3508 et

105 3553 321 3627 30elaudicat.
358 3551 447 3616 Nam
461 3549 540 3636 quid
555 3557 612 3626 est,
629 3547 713 3634 quod
730 3547 837 3611 minus
854 3545 980 3632 probari
995 3546 1117 3630 possiti
1150 3544 1305 3612 Omnium

203 3690 219 3738 2
232 3703 309 3753 porro
319 3685 375 3736 edd.
388 3685 455 3735 after
464 3682 567 3745 Heind,
577 3690 700 3747 pestremo
711 3695 760 3731 uss
771 3680 811 3732 Kl.
941 3677 958 3728 4
974 3680 1070 3730 ratione
1081 3684 1118 3730 00
1129 3679 1171 3728 El.
1183 3680 1228 3730 Ur
1238 3678 1304 3738 edd..

154 3773 261 3824 rationis
273 3783 322 3819 uss
333 3768 471 3831 generally.
632 3765 649 3816 6
665 3767 780 3827 attiyerr'r
792 3768 818 3825 e,
831 3764 948 3825 attigerit
959 3776 1009 3812 uss
1018 3763 1154 3825 generally,
1166 3765 1304 3824 attiyeritie

154 3851 222 3914 conj.
234 3850 258 3902 J.
273 3849 299 3901 Β.
313 3847 387 3898 Reid.
479 3845 511 3898 19
528 3847 610 3909 ipiter
621 3858 677 3906 uss,
692 3858 743 3894 om.
755 3842 813 3893 edd.
825 3843 890 3893 aiter
901 3841 986 3891 Madv.
1053 3843 1085 3891 Ti
1096 3841 1162 3902 edd„
1175 3845 1260 3893 Titum
1270 3842 1303 3902 X,

156 3933 213 3981 Tib.
224 3930 292 3992 Aac,
306 3929 434 3979 Tiberium
444 3927 479 3978 U.
604 3926 637 3976 20
652 3927 736 3976 ridere
747 3937 805 3985 uss,
818 3925 901 3974 videre
912 3929 937 3973 et
948 3920 1014 3984 conj.
1026 3921 1110 3972 Bouh.
1186 3925 1223 3973 Μ.
1234 3922 1302 3981 Aac..

155 4015 241 4062 Marco
251 4010 285 4060 Χ.
397 4010 428 4059 al
446 4016 475 4059 tat
485 4009 543 4058 Asc.
550 4018 585 4070 4,
599 4014 651 4056 tem
661 4006 780 4066 ABrno,
794 4019 849 4054 cum
860 4005 907 4066 OB,
922 4007 951 4055 tr‘a
960 4003 993 4054 Ε.
1100 4004 1132 4051 22
1145 4005 1304 4066 perverterint

155 4106 204 4143 uss
224 4089 354 4154 generally
375 4089 444 4147 seh..
462 4090 617 4152 pervenerim
637 4087 666 4136 M
687 4086 716 4136 ol
735 4085 822 4134 Moser
843 4084 996 4143 G÷Heind.
1017 4082 1103 4134 Madv.
1121 4071 1230 4135 On'Ba.
1249 4083 1304 4135 Mu.

155 4175 187 4223 26
202 4187 262 4222 aem
271 4170 338 4229 edd..
349 4185 416 4220 aare
426 4169 450 4219 X
462 4170 539 4228 Mus..
550 4184 601 4219 aaa
611 4167 652 4217 Kl.
665 4165 825 4230 (comparing
836 4169 890 4217 Art.
902 4181 930 4216 rr
940 4168 976 4230 5).
1062 4167 1094 4214 80
1106 4166 1188 4229 poerit
1197 4166 1306 4215 omnium

155 4253 344 4314 XUTBHmro,
359 4252 441 4315 poerit
453 4265 529 4314 pacm
544 4251 652 4299 omnium
666 4247 724 4297 Asc.
740 4250 828 4296 mv
844 4246 902 4297 Sch.
917 4246 980 4308 Mu,
993 4259 1022 4308 p.
1033 4260 1058 4308 q.
1075 4247 1199 4295 homiaem
1209 4249 1231 4295 li
1241 4243 1304 4296 Red.

156 4334 199 4383 Or.
210 4333 267 4394 Ba,
277 4334 357 4396 poerit
368 4332 477 4381 omnium
488 4345 563 4394 quom
574 4328 678 4390 Heind,
688 4329 770 4391 poerit
782 4341 857 4388 guam
868 4329 964 4377 omnirw
976 4325 1041 4390 conj.
1054 4325 1077 4375 J.
1091 4325 1117 4376 S.
1129 4325 1204 4377 Reid.
