3076 4944
490 376 553 424 crs.
578 377 591 424 1
615 376 686 425 cnr.
710 375 950 423 xxvrn-xxx
972 359 1012 445 ἓξ
1034 359 1170 428 79-85.
1360 367 1402 430 29

248 517 339 581 cifris
355 518 549 582 Hammonis
564 518 663 583 Jovis.
710 517 815 582 XXX.
849 517 926 581 Non
946 518 1048 604 pudet
1063 519 1162 604 igitur
1176 521 1353 605 physicum,
1368 520 1400 585 id
1415 531 1453 590 83

253 629 302 685 est
317 621 550 706 speculatorem
565 631 817 708 venatoremque
831 631 975 700 naturae,
984 623 1025 687 ab
1040 624 1157 689 animis
1171 626 1402 691 consuetudine
1463 617 1464 620 ¹

250 727 386 792 imbutis
407 735 518 812 petere
540 728 763 792 testimonium
779 727 945 792 veritatis?
988 727 1058 792 Isto
1080 727 1168 792 enim
1187 728 1282 794 modo
1297 728 1403 795 dicere

250 832 361 898 licebit
389 833 412 898 J
414 855 506 896 ovem
529 854 655 917 semper
671 833 851 910 barbatum,
866 831 1052 917 Apollinem
1072 855 1197 918 semper
1215 834 1402 913 imberbem,

219 939 368 1010 scaesios
390 939 497 1003 oculos
520 937 693 1013 Minervae,
717 939 879 1002 caeruleos
902 958 970 1001 esse
993 936 1150 1021 Neptuni.
1203 937 1249 1002 Et
1269 938 1402 1023 quidem

250 1040 419 1104 laudamus
443 1039 585 1103 Athenis
607 1038 790 1102 Vulcanum
817 1061 902 1114 eum,
923 1059 1021 1122 quern
1046 1037 1123 1102 fecit
1143 1037 1344 1115 Alcamenes,
1366 1039 1401 1103 in

248 1166 312 1229 quo
328 1151 435 1207 stante
453 1152 551 1227 atque
566 1141 684 1207 vestito
705 1141 820 1205 leviter
841 1149 976 1226 apparet
997 1141 1188 1207 claudicatio
1209 1164 1275 1206 non
1297 1142 1400 1207 delor-

248 1247 317 1311 mis.
364 1247 525 1312 Claudum
547 1247 648 1331 igitur
669 1246 860 1310 habebimus
886 1247 992 1323 deum,
1014 1247 1167 1331 quoniam
1192 1247 1233 1312 de
1254 1249 1400 1314 Vulcano

248 1352 293 1416 sic
312 1351 501 1435 accepimus.
544 1351 616 1436 Age
639 1358 672 1416 et
694 1350 745 1415 his
759 1350 922 1415 vocabulis
942 1371 1011 1415 esse
1029 1350 1104 1415 deos
1124 1351 1267 1430 facimus,
1282 1352 1399 1437 quibus

199 1474 234 1513 10
248 1475 268 1516 a
286 1454 379 1518 nobis
398 1454 629 1518 nominantur?
672 1453 719 1519 At
739 1452 888 1537 primum,
905 1459 986 1537 quot
1005 1452 1174 1516 hominum
1194 1453 1332 1538 linguae,
1347 1462 1397 1519 tot
1409 1466 1448 1526 84

246 1557 378 1621 nomina
392 1557 532 1621 deorum.
577 1557 652 1621 Non
669 1556 763 1634 enirn,
779 1565 818 1621 ut
832 1565 870 1621 tu
881 1555 1033 1631 Velleius,
1046 1577 1248 1641 quocumque
1263 1556 1395 1635 veneris

246 1661 291 1725 sic
306 1660 393 1725 idem
414 1662 449 1725 in
469 1661 567 1726 Italia
584 1661 756 1738 Vulcanus,
772 1660 860 1725 idem
881 1659 916 1724 in
935 1659 1052 1738 Africa,
1069 1660 1155 1725 idem
1176 1660 1211 1725 in
1228 1662 1395 1747 Hispania

245 1767 373 1832 Deinde
388 1767 557 1830 nominum
572 1787 636 1830 non
651 1786 787 1850 magnus
802 1785 956 1828 numerus
971 1786 1012 1828 ne
1027 1763 1061 1827 in
1077 1764 1249 1849 pontificiis
1264 1765 1395 1850 quidem

245 1869 370 1946 nostris,
386 1869 518 1934 deorum
534 1876 644 1932 autem
655 1866 907 1932 innumerabilis.
944 1867 998 1931 An
1015 1867 1084 1933 sine
1100 1869 1283 1933 nominibus
1297 1873 1395 1934 sunt?

196 1988 230 2048 15
247 1973 340 2037 Istud
357 1973 487 2058 quidem
499 1971 546 2036 ita
556 1971 646 2036 vobis
658 1970 762 2035 dicere
773 1992 902 2035 necesse
915 1978 978 2050 est;
993 1971 1069 2056 quid
1084 1973 1172 2036 enim
1183 1973 1309 2050 attinet,
1321 1996 1395 2039 cum

245 2097 312 2139 una
331 2075 428 2139 facies
447 2075 498 2151 sit,
518 2074 612 2167 plura
629 2095 697 2138 esse
719 2073 873 2138 nomina?
917 2073 1023 2152 Quam
1044 2073 1167 2139 bellurn
1189 2084 1266 2153 erat,
1281 2076 1394 2155 Vellei,

246 2177 390 2242 confiteri
416 2177 525 2262 potius
546 2176 679 2257 nescire,
703 2177 789 2263 quod
810 2177 956 2254 nescires,
980 2199 1078 2262 quam
1103 2178 1167 2243 ista
1192 2181 1393 2246 effutientem

168 2304 173 2317 ³
245 2301 400 2344 nauseare
428 2287 527 2365 atque
557 2280 663 2366 ipsum
690 2280 751 2344 sibi
783 2280 970 2365 displicere!
1013 2282 1067 2346 An
1096 2290 1135 2348 tu
1161 2285 1226 2349 mei
1255 2285 1393 2351 similem

243 2391 340 2469 putas
364 2407 431 2449 csse
454 2392 513 2449 aut
535 2385 584 2449 tui
605 2384 725 2448 deum?
777 2384 923 2450 Profecto
945 2408 1010 2451 non
1035 2396 1138 2472 putas.
1184 2388 1269 2469 Quid
1296 2397 1393 2478 ergol

192 2507 230 2548 20
244 2485 344 2551 solem
360 2487 464 2551 dicam
479 2495 537 2551 aut
551 2486 662 2549 lunam
677 2495 735 2550 aut
746 2487 870 2551 caelum
882 2487 1003 2552 deum?
1028 2488 1114 2574 Ergo
1129 2491 1229 2556 etiam
1243 2493 1392 2559 beatum?
1500 2564 1505 2580 ⁴

244 2590 369 2670 Quibus
394 2591 557 2655 fruentem
581 2590 826 2675 voluptatibus?
875 2592 919 2656 Et
945 2594 1148 2679 sapientem?
1195 2597 1260 2677 Qui
1285 2606 1392 2685 potest
1431 2581 1486 2655 ln<

243 2714 311 2757 esse
335 2692 370 2757 in
396 2693 465 2780 ejus
489 2692 577 2757 modi
602 2700 715 2758 trunco
741 2693 923 2780 sapientia?
942 2736 945 2745 ·
967 2695 1059 2763 Haec
1081 2706 1189 2764 vestra
1218 2710 1302 2768 sunt.
1354 2704 1390 2769 Si
1403 2713 1441 2771 85

243 2796 344 2882 igitur
363 2819 422 2862 nec
439 2797 581 2863 humano
601 2797 678 2876 uisu
697 2799 784 2883 quod
805 2799 906 2878 docui,
926 2822 986 2867 nec
1008 2803 1066 2867 tali
1088 2804 1207 2890 aliquo,
1221 2808 1307 2891 quod
1328 2809 1391 2873 tibi

241 2901 289 2966 ita
303 2923 490 2987 persuasum
506 2909 563 2978 est,
578 2902 656 2987 quid
672 2901 800 2968 dubitas
814 2927 932 2990 negare
952 2906 1027 2972 deos
1049 2915 1141 2976 esset
1185 2911 1261 2977 Non
1283 2913 1390 2980 audes.

191 3020 226 3080 ²5
243 3003 414 3088 Sapienter
439 3002 474 3066 id
499 3002 640 3087 quidem,
664 3004 725 3069 etsi
747 3005 897 3071 hocloco
919 3029 985 3072 non
1006 3011 1164 3094 populum
1185 3014 1311 3092 metuis,
1333 3015 1390 3080 sed

241 3105 326 3191 ipsos
356 3107 438 3172 deos.
494 3106 581 3172 Novi
612 3127 672 3191 ego
699 3106 874 3191 Epicureos
911 3109 1021 3174 omnia
1053 3089 1159 3197 llg‘illa
1192 3124 1389 3195 numanum

241 3232 438 3296 quamquam
452 3210 546 3274 video
566 3230 631 3273 non
648 3209 746 3274 nullis
761 3210 862 3275 videri
877 3210 1061 3296 Epicurum,
1076 3235 1118 3279 ne
1133 3214 1167 3279 in
1183 3217 1389 3283 offensionem

288 3379 304 3429 6
322 3381 451 3429 laudamus
466 3379 571 3430 Atlanta
582 3377 597 3428 1
612 3378 641 3429 of
655 3377 747 3438 Moser,
760 3379 778 3429 l.
788 3381 820 3429 A.
832 3394 882 3430 esre
892 3384 905 3430 1
916 3382 990 3441 (corr.
1002 3383 1036 3446 ct)
1047 3383 1075 3444 T,
1088 3383 1194 3434 Athenis
1205 3387 1334 3438 audemus
1345 3393 1385 3453 v„

240 3459 370 3510 laudamus
383 3475 433 3509 esce
447 3461 552 3509 Athenis
570 3473 618 3509 uss
631 3461 767 3523 generally,
783 3476 838 3510 curu
851 3463 951 3524 quidem
968 3478 1043 3512 eccam
1056 3466 1161 3514 Athenis
1179 3468 1339 3518 laudabamus
1353 3470 1385 3531 G,

240 3542 369 3591 laudamus
385 3544 491 3592 visentes
507 3544 613 3592 Athenis
632 3542 708 3591 Klotz
725 3543 791 3592 from
813 3543 858 3592 the
878 3544 985 3605 parallel
1003 3558 1111 3608 passage
1131 3545 1161 3596 in
1178 3546 1235 3598 Vel.
1254 3549 1323 3600 Max.
1346 3563 1388 3601 see

240 3622 340 3672 Oomm.
469 3625 485 3675 9
501 3638 547 3685 cpe
557 3629 583 3673 et
593 3637 642 3672 uss
652 3624 788 3686 generally,
801 3639 847 3687 age
857 3631 887 3673 ut
898 3625 945 3676 GH
955 3625 1146 3681 Roaffleind.
1215 3629 1327 3691 jacimus
1338 3644 1388 3681 uss

239 3705 375 3767 generally,
385 3706 512 3767 suciamus
524 3706 566 3755 Gc
576 3703 638 3765 Reg-
648 3701 711 3752 Red.
723 3702 818 3752 Heind.
917 3703 949 3752 10
963 3706 1140 3754 nominantur?
1157 3704 1214 3754 edd.
1225 3707 1292 3757 after
1301 3707 1388 3760 Madv.

239 3792 299 3846 quot
310 3786 521 3848 [A20E1mUc,
535 3786 602 3850 quod
612 3783 676 3833 A113.
791 3785 822 3832 12
838 3784 904 3833 idem
915 3786 944 3834 iu
953 3785 1045 3846 Africa
1055 3797 1107 3833 orn.
1119 3784 1174 3833 Mu.
1186 3786 1230 3849 (by
1240 3787 1388 3850 mistakell.

239 3865 270 3917 17
292 3869 397 3923 nescires
416 3867 584 3930 T[GE]BK÷,
603 3865 682 3914 ucecia
700 3862 764 3922 A²B‚
783 3865 887 3913 aarum
906 3862 947 3925 A1,
966 3865 1083 3913 ucecierb
1103 3868 1210 3924 efflat,
1229 3869 1331 3916 nescitis
1352 3867 1386 3918 U.

238 3946 270 3994 23
288 3949 394 3999 buumuo
409 3952 467 3998 uisu
482 3948 547 4009 edd,
567 3950 672 3998 humano
688 3959 736 3994 usu
753 3949 816 3995 Νῦν
830 3945 889 3994 Aac.
906 3945 993 4006 Hera,
1012 3948 1120 3995 huruuua
1138 3948 1218 4008 specie
1235 3952 1261 4010 0,
1280 3949 1386 3998 humano

238 4027 363 4083 XTBK÷.
447 4030 494 4078 tali
506 4041 554 4077 uss
565 4024 700 4089 generally,
714 4026 766 4074 alio
777 4025 801 4074 G
811 4024 858 4074 La.
870 4024 898 4073 of
907 4024 991 4072 Moser
1000 4023 1065 4072 Dav.
1076 4023 1171 4074 Heind.
1298 4027 1331 4076 24
1346 4031 1386 4078 ita

238 4120 286 4157 nse
307 4108 440 4170 generally,
462 4122 514 4157 om.
529 4107 591 4169 Reg.
608 4103 767 4156 GTK†Sch.
910 4103 942 4154 26
960 4110 1102 4154 ueuerautea
1118 4102 1174 4153 edd.
1192 4105 1384 4170 alterumue,

237 4198 391 4239 numerantes
410 4187 578 4251 assHeind.,
597 4185 813 4253 intrauerat„
831 4184 896 4235 Dav.
995 4231 996 4235 ,
1025 4185 1057 4237 a?
1078 4185 1234 4247 offemiouem
1254 4187 1386 4251 [EfflcUT

236 4269 302 4330 Asa,
314 4273 444 4333 offensione
455 4271 569 4321 ABGBK.
