3076 4944
226 402 247 462 8
607 414 653 461 nn
674 413 816 464 aarum
837 413 990 463 nnonuu.

174 569 212 628 20
227 580 324 643 quam
344 557 476 622 inventa
497 554 681 649 videantur3
704 559 761 622 sed
776 558 832 622 illa
845 557 1008 643 palmaria,
1024 556 1188 656 quodqqui
1203 578 1266 620 non
1280 557 1374 621 modo

226 668 340 730 natum
362 661 520 725 mundum
543 661 767 737 introduxerit,
782 661 838 724 sed
853 660 953 725 etiam
968 644 1069 725 manu¹
1082 682 1185 745 paene
1200 660 1330 751 factum,
1345 660 1374 723 is

226 785 301 826 eum
321 763 439 827 dixerit
453 764 520 828 sore
535 763 777 848 sempiternum.
822 763 920 847 Hune
935 785 1046 847 censes
1059 762 1180 848 primis,
1194 771 1234 827 ut
1248 749 1374 840 dicitur,

224 865 321 930 labris
340 874 486 952 gustasse
505 866 747 952 physiologiam,
763 866 795 930 id
812 875 862 931 est
877 875 1011 932 naturae
1030 853 1197 946 rationem,
1213 867 1271 951 qui
1285 866 1373 951 quic-

224 990 330 1051 quam,
350 969 445 1052 quod,
461 978 568 1034 ortum
591 969 652 1047 sit,
665 977 761 1054 putet
784 969 951 1034 aeternum
973 992 1042 1034 esse
1060 973 1170 1055 posset
1213 969 1304 1048 Quae
1325 976 1374 1033 est
1405 980 1421 1040 5

224 1072 311 1135 enim
331 1073 566 1158 coagmentatio
585 1096 651 1138 non
671 1075 882 1140 dissolubilisi
903 1083 963 1149 aut
984 1071 1063 1159 quid
1079 1082 1134 1151 est,
1150 1073 1242 1160 eujus
1254 1073 1373 1159 princi·

223 1174 314 1257 pium
332 1175 461 1258 aliquod
484 1176 534 1252 sit,
552 1175 634 1240 nihil
656 1176 699 1241 sit
720 1182 928 1242 extremum?
972 1175 1121 1264 Πρίνοια
1135 1198 1211 1241 vero
1225 1177 1253 1241 si
1266 1184 1373 1242 vestra
1472 1193 1476 1203 ·

223 1286 280 1354 est,
296 1265 411 1356 Lucili,
428 1280 548 1357 eadem,
563 1281 699 1366 requiro,
709 1303 792 1366 quae
807 1282 903 1367 paulo
918 1289 1004 1359 ante,
1019 1280 1372 1358 ministros,·machinas,

222 1403 352 1446 omnem
373 1382 474 1447 totius
495 1384 599 1467 operis
621 1383 880 1468 designationem
899 1392 998 1467 atque
1016 1374 1223 1469 apparatum;
1243 1382 1293 1449 sin
1309 1383 1372 1447 alia
1450 1398 1452 1402 ‘

222 1494 279 1563 est,
295 1509 351 1551 cur
365 1486 533 1552 mortalem
548 1486 660 1551 fecerit
674 1486 842 1564 mundum,
858 1509 1044 1573 nonqquem
1059 1487 1101 1551 ad
1117 1487 1249 1551 modum
1264 1486 1370 1550 Plato·
1386 1513 1422 1550 10
1445 1529 1464 1553 ..

170 1598 207 1654 21
223 1587 313 1651 nicus
328 1588 416 1664 deus,
431 1587 672 1671 sempiternum.
717 1588 776 1655 IX.
806 1588 859 1652 Ab
874 1597 1012 1672 utroque
1027 1596 1137 1652 autem
1152 1588 1300 1664 sciscitor,
1316 1611 1372 1652 cur

222 1688 336 1752 mundi
365 1688 581 1752 aedificatores
608 1697 742 1773 repente
772 1689 963 1765 exstiterint,
992 1688 1241 1753 innumerabilia
1268 1689 1373 1753 saecla

221 1792 422 1870 dormierint3
444 1815 511 1856 non
529 1792 624 1869 enim,
645 1793 673 1856 si
693 1793 834 1857 mundus
850 1793 958 1857 nullus
976 1800 1052 1869 erat,
1073 1792 1176 1856 saecla
1189 1801 1370 1857 nouerant.

211 1890 336 1973 §aegla
364 1912 449 1953 nunc
478 1890 548 1954 dico
573 1912 639 1953 non
664 1913 710 1967 ea,
736 1912 820 1975 quae
845 1891 970 1954 dierum
1000 1890 1207 1975 noctiumque
1236 1912 1371 1954 numero

222 1977 338 2055 annuis
358 1991 504 2055 cursibus
517 1991 744 2072 conficiuntur3
766 2015 843 2056 nam
858 1993 961 2057 fateor
975 2015 1014 2058 ea
1028 1992 1097 2057 sine
1112 1993 1226 2057 mundi
1240 2015 1368 2057 conver·
1384 2015 1396 2052 1
1402 1995 1418 2071 ς

220 2094 307 2158 sione
325 2094 408 2185 effici
426 2116 492 2182 non
511 2094 668 2179 potuisse;
689 2094 745 2158 sed
769 2095 833 2158 fuit
853 2095 1012 2180 quaedam
1027 2096 1070 2160 ab
1084 2095 1211 2160 infinito
1225 2083 1370 2188 'tempore

172 2248 176 2257 ,
220 2190 402 2274 aeternitas
431 2219 529 2282 quam
559 2198 649 2262 nulla
678 2198 928 2284 circumscriptio
950 2208 1132 2285 temporum
1160 2200 1369 2279 metiebatur;

194 2296 334 2384 spatid‘
346 2303 458 2364 tamen
480 2299 585 2384 qualis
610 2300 778 2378 caluerit,
804 2301 950 2386 intellegi
976 2311 1089 2387 potest
1134 2302 1242 2387 [Quod
1267 2325 1309 2366 ne
1334 2302 1369 2365 in

219 2400 444 2485 cogitationem
468 2399 599 2484 quidem
624 2400 718 2478 cadit,
741 2410 780 2466 ut
805 2401 1058 2489 sueritptempus
1081 2402 1219 2488 aliquod,
1237 2402 1369 2466 ‘nullum

167 2508 294 2567 uacum
317 2511 446 2588 tempus
468 2502 575 2588 esset]
620 2503 689 2567 Isto
712 2503 812 2588 igitur
836 2511 904 2568 tam
930 2504 1087 2571 immenso
1112 2506 1217 2590 spatio
1241 2527 1366 2588 quaero,
1383 2527 1420 2565 20

221 2606 330 2684 Balbe,
342 2629 399 2672 cur
415 2605 562 2693 Πρόνοια
576 2616 683 2671 vestra
697 2607 877 2673 cessaverit.
910 2607 1112 2673 Laboremne
1127 2607 1292 2693 fugiebat?
1322 2607 1370 2672 At

219 2711 281 2775 iste
300 2734 359 2776 nec
373 2710 508 2795 attingit
522 2711 620 2775 deum
634 2732 694 2775 nec
708 2719 777 2775 erat
792 2711 885 2787 ullus,
901 2733 975 2776 cum
989 2734 1100 2776 omnes
1114 2719 1249 2775 naturae
1263 2711 1369 2774 numi-

219 2815 253 2878 ni
277 2815 394 2890 divin0,
414 2814 547 2890 caelum,
569 2814 667 2898 ignes
690 2821 801 2892 terrae,
820 2815 931 2892 maria,
950 2823 1107 2899 parerent.
1152 2813 1238 2893 Quid
1257 2822 1368 2878 autem

201 2910 203 2914 ⁸
219 2916 296 2995 erat,
312 2915 398 3001 quod
413 2916 650 3001 concupisceret
665 2917 745 2981 deus
759 2917 918 2981 mundum
934 2917 1033 3002 signis
1048 2926 1081 2982 et
1095 2917 1272 2981 luminibus
1286 2924 1370 2980 tam·
1401 2925 1410 2960 ³

219 3039 316 3100 quam
332 3017 444 3080 aedilis
466 3019 600 3080 ornaret
644 3017 688 3094 Si,
705 3025 743 3082 ut
763 3018 843 3081 deus
862 3017 930 3102 ipse
950 3017 1066 3082 melius
1088 3017 1257 3095 habitaret,
1272 3024 1369 3080 antea
1383 3040 1419 3100 ²5

162 3127 166 3132 ’
217 3121 368 3184 videlicet
392 3128 536 3204 tempore
562 3120 691 3184 infinito
717 3121 752 3184 in
780 3122 922 3186 tenebris
951 3129 1118 3205 tamquam
1142 3120 1178 3184 in
1202 3121 1369 3205 gurgustio

217 3218 427 3283 habitaverat.
471 3219 549 3283 Post
575 3227 685 3282 autem
709 3219 907 3284 varietatene
929 3242 1005 3285 eum
1028 3219 1181 3284 delectari
1205 3229 1367 3304 putamus

217 3343 282 3404 qua
296 3321 419 3385 caelum
436 3329 469 3385 et
484 3331 584 3386 terras
599 3330 766 3386 exornatas
781 3323 951 3388 videmus?
996 3323 1086 3402 Quae
1101 3324 1164 3387 ista
1178 3312 1285 3408 potest
1300 3345 1368 3388 esse

217 3423 387 3488 oblectatio
407 3424 490 3489 deci
534 3424 625 3504 Quae
643 3424 670 3488 si
685 3435 778 3502 esset,
795 3447 859 3490 non
873 3448 912 3490 ea
926 3425 1065 3491 tamdiu
1081 3448 1186 3490 carere
1200 3427 1366 3512 potuisset.

265 3608 279 3654 1
297 3608 482 3670 iiicpulmuriu
493 3608 556 3660 Dav.
571 3608 609 3661 ed.
625 3611 648 3670 1,
665 3611 732 3659 iilud
743 3613 858 3675 palmare
875 3610 1088 3669 nauseatur
1101 3613 1226 3675 polituris
1243 3627 1292 3662 uss
1304 3611 1363 3662 Sch.

217 3690 232 3736 3
249 3689 342 3737 dicerit
354 3702 412 3747 uss,
420 3690 488 3737 dicit
497 3689 551 3738 Mu.
560 3689 635 3750 (Adn.
644 3689 704 3748 Gn).
776 3693 791 3742 'i
808 3692 907 3754 πρόνοια
918 3691 1060 3753 Manutius,
1066 3707 1176 3754 prouoeu
1185 3706 1234 3741 uss
1245 3691 1365 3741 SchMu.

215 3783 272 3816 vcro
286 3769 310 3816 si
325 3775 408 3816 vestro
419 3775 456 3817 est
467 3769 552 3818 Lucili
565 3770 649 3820 eodem
659 3771 759 3832 requiro
771 3770 836 3819 ABG
852 3770 928 3831 Mus,
946 3772 969 3819 ei
983 3786 1041 3820 uero
1056 3777 1139 3820 uestro
1150 3778 1186 3821 est
1198 3771 1270 3820 huili
1281 3771 1367 3819 ecdem

186 3845 192 3853 ⁸
215 3855 314 3914 require
330 3851 362 3912 Ε,
380 3866 438 3901 uero
452 3851 476 3900 u·
490 3859 575 3900 uestra
589 3859 626 3901 est
643 3852 730 3901 Lucili
742 3852 833 3913 eudem,
847 3853 933 3901 eadem
947 3855 1046 3914 requiro
1066 3850 1170 3910 Heind„
1181 3866 1239 3901 uero
1249 3859 1331 3901 uestro
1342 3853 1367 3900 si

215 3931 300 3979 eodem
317 3937 361 3990 eat,
384 3931 479 3990 Lucili,
495 3931 581 3978 eadem
597 3931 696 3992 requiro
714 3929 773 3980 Sch.
793 3930 860 3979 after
875 3929 1028 3988 Lambinus,
1044 3945 1102 3979 uero
1118 3936 1201 3979 uestro
1217 3931 1248 3990 si,
1267 3931 1363 3989 Lucili,

214 4007 300 4059 eodem
318 4017 362 4071 est,
382 4012 467 4059 eodem
482 4012 581 4072 requiro
592 4010 687 4069 Madv„
698 4025 756 4059 uero
770 4017 861 4070 uestro,
876 4011 971 4068 Lucili,
983 4012 1007 4059 si
1019 4017 1054 4059 eat
1066 4012 1156 4072 eudem,
1170 4011 1257 4060 eudem
1267 4010 1365 4073 requiro

215 4093 259 4141 Or.
270 4092 317 4140 Ba.
329 4091 384 4139 Mu.
451 4092 466 4142 9
484 4092 680 4152 desipuericuem
691 4090 975 4151 emancipationem
985 4091 1072 4139 Anax
1082 4090 1137 4138 1111.
1203 4091 1234 4159 1β
1251 4092 1365 4153 iurelleqi

210 4181 293 4236 potest
312 4172 445 4233 XBmo,
459 4173 573 4235 intelieqi
592 4187 642 4222 uon
654 4177 736 4234 potest
747 4170 804 4220 Aac.
818 4169 1090 4224 trummacum.
1104 4170 1150 4219 Ba.
1165 4169 1220 4218 Mu.
1233 4168 1300 4232 (who
1311 4170 1366 4220 also

215 4257 330 4316 suggests
350 4255 394 4315 qui
407 4255 509 4315 potest).
582 4253 647 4313 quod
663 4257 788 4300 rte-esset
804 4249 957 4312 transposed
974 4250 1008 4313 by
1025 4247 1199 4311 Wyttenboch
1215 4248 1302 4299 before
1323 4252 1367 4298 sed

208 4336 264 4397 suit
275 4334 293 4383 l.
305 4333 335 4382 16
349 4332 469 4396 (perhaps
485 4331 567 4382 better
577 4330 662 4382 before
673 4331 774 4396 spatio),
789 4343 831 4380 see
843 4330 944 4381 domm.
1059 4329 1091 4378 21
1109 4330 1209 4393 πρόνοια
1221 4342 1263 4378 ses
1275 4327 1364 4378 above.
