3076 4944
226 360 268 424 32
608 371 655 420 nu
677 371 819 420 urruns
840 371 993 422 nnosuu.

225 522 319 587 video
345 529 379 586 te
408 518 534 585 venisse
562 519 734 605 gradibus3
762 542 783 584 a
811 519 935 584 ratione
964 517 1005 582 ad
1037 517 1212 580 humanam
1238 513 1373 599 figuram

225 622 406 708 quomodo
429 623 573 687 accedisl
617 621 833 706 Praecipitare
851 621 934 685 istnc
962 620 1094 705 quidem
1124 626 1181 694 est,
1210 639 1274 681 non
1304 616 1375 681 des-

171 744 210 804 90
226 727 368 794 cendere.
435 729 505 792 Nec
539 749 614 792 vero
647 727 808 811 intellego,
838 747 895 789 cur
926 723 1080 788 maluerit
1112 722 1270 807 Epicurus
1299 721 1375 784 deos

225 833 394 896 hominum
409 831 530 896 similes
545 832 650 895 dicere
665 851 764 916 quam
779 829 926 893 homines
942 829 1082 892 deorum.
1128 826 1279 904 Quaeres,
1296 823 1375 908 quid

224 934 372 1014 intersit3
395 933 423 998 si
448 933 535 998 enim
561 933 622 997 hoc
646 932 696 996 illi
722 931 827 996 simile
851 931 902 1007 sit,
928 951 996 994 esse
1020 928 1102 993 illud
1124 928 1207 993 huic.
1252 925 1373 1004 Video;
1410 943 1425 1002 5

224 1036 280 1101 sed
303 1037 364 1100 hoc
387 1035 466 1112 dico,
491 1057 557 1099 non
582 1034 624 1099 ab
653 1032 838 1098 hominibus
863 1033 984 1095 formae
1013 1030 1151 1115 figuram
1180 1029 1305 1093 venisse
1333 1028 1375 1091 ad

223 1141 318 1221 deos;
341 1139 375 1204 di
397 1140 484 1204 enim
506 1161 633 1223 semper
655 1138 795 1215 fuerunt,
817 1137 888 1200 nati
909 1156 1089 1219 numquam
1109 1141 1193 1211 sunt,
1216 1133 1375 1217 siquidem

224 1243 347 1307 aeterni
376 1251 453 1308 sunt
482 1242 602 1322 futuri,
636 1248 671 1306 at
700 1241 847 1306 homines
877 1239 966 1320 nati3
997 1248 1074 1302 ante
1103 1237 1204 1323 igitur
1232 1237 1376 1301 humana

223 1346 326 1410 forma
340 1368 438 1431 quam
453 1346 600 1411 homines
618 1367 744 1429 eaque
761 1353 853 1409 crant
873 1345 975 1407 forma
995 1343 1029 1407 di
1049 1343 1254 1408 immortales.
1299 1343 1375 1405 Non

224 1470 299 1533 ergo
328 1448 457 1513 illorum
487 1449 629 1513 humana
657 1448 766 1524 forma,
795 1447 852 1511 sed
877 1455 987 1510 nostra
1017 1445 1128 1510 divina
1153 1445 1289 1510 dicenda
1318 1454 1427 1510 estro

174 1613 182 1633 ,,
224 1551 347 1616 Verum
370 1553 430 1617 hoc
451 1553 592 1638 quidem,
606 1560 647 1616 ut
664 1552 796 1631 voletis;
818 1551 899 1615 illud
917 1573 1044 1637 quaero,
1065 1573 1148 1637 quae
1167 1550 1265 1615 fuerit
1283 1560 1375 1616 tanta

216 1655 354 1720 ¹fortuna
370 1656 465 1740 (nihil
481 1656 567 1719 enim
583 1655 707 1721 ratione
725 1656 759 1719 in
775 1678 882 1720 rerum
901 1665 1017 1720 natura
1032 1657 1154 1720 factum
1169 1677 1237 1720 esse
1252 1657 1373 1739 vultis),

225 1759 281 1824 sed
306 1767 416 1824 tamen
443 1760 515 1844 quis
540 1760 600 1824 iste
627 1767 739 1823 tantus
763 1763 875 1823 casusl
903 1759 990 1823 unde
1013 1767 1082 1823 tam
1105 1759 1183 1822 felix
1205 1780 1375 1823 concursus

225 1871 414 1940 atomorum,
444 1872 483 1927 ut
511 1870 644 1948 repente
674 1864 820 1928 homines
849 1863 983 1929 deorum
1013 1864 1115 1928 forma
1147 1868 1375 1929 nascerentur?

172 1975 210 2034 91
227 1968 399 2032 Seminane
422 1968 554 2031 deorum
576 1967 730 2032 decidisse
750 1969 792 2032 de
809 1968 897 2033 caelo
919 1976 1073 2052 putamus
1091 1968 1125 2031 in
1147 1976 1256 2046 terras,
1276 1977 1311 2033 et
1330 1968 1379 2054 sic⁴
1391 1986 1425 2047 15

225 2071 372 2135 homines
389 2078 518 2154 patrum
539 2069 660 2134 similes
680 2070 863 2135 exstitisset
907 2071 1032 2134 Vellem
1052 2070 1219 2151 diceretis3
1242 2071 1372 2136 deorum

224 2175 447 2260 cognationem
474 2196 677 2259 agnoscerem
703 2197 768 2240 non
795 2175 924 2240 invitus.
973 2175 1066 2240 Nihil
1089 2177 1154 2240 tale
1179 2175 1295 2254 dicitis,
1319 2178 1374 2242 sed

224 2299 299 2342 casu
322 2298 390 2342 esse
411 2278 541 2354 factum,
563 2285 601 2342 ut
623 2300 764 2343 essemus
786 2279 907 2344 similes
926 2279 1067 2345 deorum.
1112 2280 1157 2344 Et
1176 2302 1262 2345 nunc
1280 2303 1375 2366 argu·

224 2389 335 2446 menta
364 2383 547 2466 quaerenda
575 2390 660 2460 sunt,
685 2381 803 2467 quibus
832 2383 891 2446 hoc
917 2383 1099 2448 refellatur!
1143 2383 1281 2448 Utinam
1306 2394 1374 2448 tam

223 2484 316 2549 facile
331 2506 406 2548 vera
420 2485 564 2550 invenire
579 2485 697 2570 possim
712 2508 810 2571 quam
825 2485 905 2551 falsa
919 2487 1123 2552 convincere!
1389 2513 1426 2553 20

289 2587 452 2654 XXXIII.
505 2588 636 2653 Etenim
666 2590 863 2654 enumerasti
893 2590 1079 2656 memoriter
1108 2600 1142 2656 et
1171 2592 1305 2678 copiose,
1337 2603 1375 2660 ut

225 2693 306 2758 mihi
322 2693 453 2778 quidem
471 2693 622 2758 admirari
644 2694 759 2759 liberet
781 2695 816 2758 in
837 2695 968 2760 homine
990 2717 1059 2760 esse
1080 2696 1226 2761 Romano
1248 2706 1374 2762 tantam

226 2799 402 2876 scientiam,
417 2821 520 2884 usque
535 2821 555 2863 a
569 2799 670 2864 Thale
686 2797 814 2865 Milesio
829 2800 870 2865 de
885 2800 1018 2865 deorum
1033 2808 1150 2864 natura
1170 2801 1375 2886 philosopho·

173 2915 211 2974 92
226 2927 298 2968 rum
320 2905 505 2969 sententias.
551 2904 715 2969 Omnesne
737 2903 799 2968 tibi
820 2903 870 2966 illi
892 2903 1028 2968 delirare
1042 2903 1104 2967 visi
1125 2911 1211 2982 sunt,
1226 2905 1284 2991 qui
1306 2906 1375 2968 sine

226 3006 374 3069 manibus
389 3005 574 3091 etpedibus
589 3013 735 3070 constare
750 3005 848 3069 deum
868 3026 959 3090 posse
981 3004 1202 3070 decreverint?
1247 3006 1300 3070 Ne
1315 3007 1375 3070 hoc
1390 3012 1424 3072 ²5

225 3105 356 3190 quidem
387 3128 442 3170 vos
472 3113 580 3170 movet
610 3105 856 3182 considerantes,
886 3126 970 3188 quae
999 3105 1043 3169 sit
1071 3105 1198 3170 utilitas
1228 3128 1375 3192 quaeque

225 3210 449 3296 opportunitas
478 3210 514 3273 in
543 3209 674 3274 homine
712 3208 939 3286 membrorum,
969 3215 1008 3272 ut
1039 3206 1193 3292 judicetis
1222 3211 1375 3275 membris

225 3313 379 3376 humanis
399 3312 474 3376 deos
499 3333 565 3376 non
589 3316 704 3396 egeret
749 3311 836 3390 Quid
861 3310 948 3374 enim
974 3310 1111 3397 pedibus
1133 3332 1213 3395 opus
1236 3313 1374 3377 estsine

224 3415 393 3499 ingressu?
415 3413 493 3500 quid
516 3413 675 3491 manibus,
689 3412 717 3477 si
732 3413 815 3476 nihil
838 3413 1176 3499 comprehendendum
1199 3420 1270 3481 estl
1295 3417 1374 3502 quid

224 3519 349 3605 reliqua
374 3517 581 3603 discriptione
605 3517 749 3583 omnium
776 3518 915 3603 corporis
944 3518 1109 3604 partium?
1137 3518 1173 3583 in
1199 3541 1263 3604 qna
1292 3521 1374 3585 nihil
1388 3537 1426 3592 30

225 3626 329 3703 inane,
344 3623 427 3687 nihil
447 3623 516 3688 sine
531 3644 635 3702 causa,
649 3623 733 3687 nihil
748 3644 1023 3709 supervacaneum
1038 3631 1088 3689 est
1105 3624 1135 3710 [3
1157 3625 1268 3709 itaque
1283 3627 1374 3692 nulla

224 3750 275 3792 ars
290 3726 410 3792 imitari
425 3726 600 3791 sollertiam
615 3734 750 3790 naturae
772 3727 902 3812 potest].
946 3726 1093 3791 Habebit
1108 3726 1208 3811 igitur
1229 3728 1374 3812 linguam

224 3832 303 3896 deus
318 3840 352 3897 et
367 3853 432 3895 non
446 3831 607 3916 loquetur,
623 3830 745 3910 dentes,
760 3831 916 3916 palatum,
932 3831 1040 3896 fauces
1060 3832 1187 3895 nullum
1209 3833 1250 3897 ad
1270 3856 1374 3913 usum,

273 3979 289 4030 9
306 3995 336 4029 eo
351 3994 403 4042 quc
413 3992 461 4027 uss
472 3977 606 4040 generally,
620 3993 697 4042 eaque
709 3980 746 4029 02
758 3977 868 4044 (corato
879 3994 908 4029 ec
920 3980 979 4042 qua)
992 3979 1052 4041 Reg.
1066 3979 1131 4029 Dav.
1143 3979 1191 4030 Ba.
1257 3982 1288 4031 15
1304 3985 1374 4031 semi-

225 4075 288 4109 rame
307 4060 338 4121 B,
359 4061 453 4109 remica
470 4072 519 4109 uss
538 4060 667 4121 generally
687 4059 746 4109 Soh.
844 4061 876 4109 20
888 4063 982 4124 possim
998 4073 1047 4108 uss
1064 4060 1201 4123 generally,
1217 4075 1313 4123 possem
1332 4066 1375 4110 ns

226 4141 289 4189 Dav.
301 4138 396 4188 Heind.
409 4138 466 4190 Seu
596 4139 628 4188 22
646 4141 732 4188 liberet
743 4152 792 4188 uss
803 4141 940 4202 generally,
953 4141 1047 4189 subiret
1058 4139 1124 4201 conj.
1137 4140 1222 4188 Moser
1232 4139 1284 4189 end
1296 4140 1375 4191 Cobet

228 4225 257 4272 V.
275 4223 307 4270 L.
326 4237 352 4284 p.
371 4222 428 4270 461.
547 4220 579 4269 25
596 4222 747 4270 decreverint
765 4221 880 4284 ABGBK,
902 4223 1060 4272 decreverunt
1076 4220 1163 4272 EUTG
1184 4220 1243 4271 Sch.
1264 4221 1307 4271 Or.
1327 4221 1373 4271 Ba.

225 4303 258 4351 30
274 4303 433 4365 αἰεσνίριίοηε
445 4300 519 4363 ABG,
533 4302 694 4364 desenptr'one
706 4299 823 4355 E÷Sch.
922 4303 953 4351 31
970 4303 1168 4366 itaque-potest
1179 4315 1219 4352 see
1231 4299 1331 4350 Oomm.
