3076 4944
415 402 478 450 mn.
503 403 515 449 1
539 402 609 451 aar.
634 403 708 462 xrrr,
733 385 845 470 xx§§
868 389 1003 452 ‹ta-56.
1245 390 1284 451 19

92 551 94 554 ’
132 550 188 634 qui
203 549 369 635 gubernet,
385 550 441 634 qui
459 571 569 613 cursus
584 556 750 625 astrorum,
766 549 960 614 mutationes
975 558 1164 633 temporum,
1179 570 1285 613 rerum

132 652 365 717 vicissitudines
385 651 575 734 ordinesque
596 662 769 728 conservet,
784 659 885 715 terras
900 659 934 716 et
950 651 1050 715 maria
1067 651 1285 736 contemplans

131 754 299 822 hominurn
319 753 483 819 commoda
497 753 645 836 vitasque
664 760 805 830 tueatur,
818 774 860 838 ne
880 752 935 817 ille
956 762 1006 817 est
1020 753 1202 839 implicatus
1217 777 1283 818 mo·

124 851 220 920 lestis
241 855 378 940 negotiis
397 864 432 920 et
451 854 608 939 operosis!
655 854 725 918 Nos
745 862 856 918 autem
874 853 1002 919 beatam
1017 855 1119 927 vitam
1133 854 1169 919 ia
1183 855 1283 919 animi
1297 855 1334 913 53

99 959 302 1026 saecuritate
321 967 356 1023 et
374 958 410 1022 in
429 958 575 1023 omnium
589 956 753 1022 vacatione
773 979 945 1021 munerum
964 957 1120 1043 ponimus.
1165 957 1284 1022 Docuit

131 1060 218 1124 enim
238 1082 296 1124 nos
314 1060 412 1139 idem,
426 1060 484 1143 qui
504 1068 617 1136 cetera,
633 1065 752 1123 natura
771 1059 922 1123 effectum
937 1050 1005 1124 esse
1020 1062 1187 1140 mundum,
1201 1063 1286 1140 nihil,

130 1184 211 1247 opus
235 1163 332 1227 fuisse
357 1162 484 1239 fabrica,
507 1171 640 1246 tamque
667 1184 739 1227 eam
764 1185 833 1227 rem
859 1183 927 1226 esse
949 1162 1084 1242 facilem,
1106 1187 1203 1249 quam
1226 1189 1283 1230 vos

41 1315 42 1319 ,
130 1266 212 1330 effici
227 1265 352 1350 negatis
371 1265 439 1329 sine
458 1263 568 1327 divina
579 1285 672 1348 posse
687 1263 835 1340 sollertia,
850 1271 889 1327 ut
903 1263 1152 1329 innumerabiles
1166 1273 1282 1330 natura

130 1367 267 1432 mundos
296 1367 448 1431 effectura
477 1366 527 1443 sit,
554 1365 679 1443 efficiat,
703 1365 852 1431 effecerit.
898 1367 991 1446 Quod
1017 1353 1101 1451 quia*
1117 1388 1215 1450 quem
1240 1369 1280 1433 ad

82 1487 117 1526 10
131 1470 261 1534 modum
284 1477 400 1533 natura
419 1469 543 1533 efficere
566 1468 635 1533 sine
656 1470 764 1553 aliqua
783 1476 893 1534 mente
908 1469 1008 1554 possit
1024 1492 1086 1534 non
1102 1470 1227 1551 videris,
1242 1479 1281 1535 ut

129 1572 242 1658 tragici
267 1577 389 1656 poetae,
413 1593 486 1636 cum
513 1571 671 1655 explicare
694 1556 876 1656 argumenti
900 1572 1025 1637 exitum
1049 1594 1114 1636 non
1136 1573 1278 1670 potestis,

37 1715 38 1718 =
129 1673 300 1758 confugitis
323 1673 364 1736 ad
388 1672 503 1752 deum;
529 1672 620 1757 cujus
644 1695 774 1758 operam
797 1673 938 1757 profecto
962 1695 1026 1736 non
1049 1672 1279 1752 desideraretis,
1293 1677 1331 1736 54

129 1776 157 1840 si
177 1776 369 1839 immensam
391 1783 426 1840 et
447 1775 690 1840 interminatam
711 1775 747 1838 in
769 1797 879 1840 omnes
898 1783 1006 1861 partes
1024 1775 1280 1860 magnitudinem

129 1879 296 1964 regionum
319 1879 478 1956 videretis,
501 1879 537 1943 in
560 1891 658 1964 quam
683 1888 717 1942 se
739 1877 886 1963 injiciens
907 1879 1032 1944 animus
1054 1886 1088 1944 et
1110 1878 1280 1944 intendens
1298 1957 1300 1963 Ι

45 1995 47 1998 ⁴
81 1999 114 2057 15
129 1983 175 2047 ita
197 1984 266 2072 late
283 1983 442 2068 longeque
468 1983 699 2068 peregrinatur,
721 1989 759 2046 ut
781 1983 905 2047 nullam
927 1991 1038 2048 tamen
1060 2006 1147 2048 oram
1170 1983 1279 2048 ultimi

127 2085 244 2162 videat,
258 2085 293 2148 in
308 2106 373 2169 qua
387 2084 486 2169 possit
505 2084 658 2149 insistere.
703 2085 744 2148 In
766 2083 827 2148 hac
848 2084 947 2169 igitur
967 2085 1186 2150 immensitate
1205 2085 1278 2151 lati-

127 2190 287 2267 tudinum,
302 2186 550 2273 longitudinum,
565 2186 775 2252 altitudinum
789 2186 919 2251 infinita
932 2187 980 2252 vis
993 2188 1278 2260 innumerabilium

127 2291 242 2356 volitat
271 2297 568 2374 atomorum,‚quae
597 2288 766 2374 interjecto
794 2288 884 2352 inani
914 2288 1139 2355 cohaerescunt
1168 2298 1277 2355 tamen

127 2394 213 2459 inter
235 2415 269 2458 se
292 2401 326 2459 et
351 2393 434 2458 aliae
463 2393 542 2457 alias
570 2392 849 2478 apprehendentes
878 2393 1122 2481 continuantur3
1151 2416 1191 2459 ex
1213 2416 1278 2479 quo

78 2510 115 2548 20
128 2493 311 2559 efficiuntur
333 2515 391 2558 eae
414 2515 522 2558 rerum
545 2493 664 2557 formae
689 2501 724 2557 et
746 2492 890 2590 figurae?
899 2479 979 2577 quas
1002 2515 1057 2558 vos
1082 2493 1164 2558 effici
1187 2516 1287 2579 posse

127 2592 195 2657 sine
219 2593 348 2658 follibus
372 2601 405 2658 et
429 2592 600 2657 incudibus
625 2615 690 2657 non
711 2593 843 2678 putatis.
890 2594 1005 2678 Itaque
1027 2594 1223 2679 imposuistis
1243 2595 1279 2659 in

127 2695 302 2760 cervicibus
323 2695 440 2759 nostris
462 2694 694 2779 sempiternum
717 2694 892 2773 dominum,
907 2718 1004 2781 quem
1027 2696 1095 2762 dies
1115 2706 1149 2762 et
1170 2706 1279 2763 noctes

126 2797 321 2862 timeremus
366 2797 447 2878 Quis
468 2797 555 2861 enim
576 2818 641 2861 non
659 2796 775 2861 timeat
789 2797 897 2862 omnia
910 2799 1132 2883 providentem
1147 2809 1181 2865 et
1196 2801 1279 2886 cogi-
1357 2873 1360 2877 ,

126 2905 253 2963 tantem
272 2907 307 2963 et
321 2898 632 2964 animadvertentem
648 2906 682 2964 et
692 2899 805 2964 'omnia
818 2900 859 2964 ad
874 2922 907 2966 se
922 2901 1082 2986 pertinere
1097 2911 1277 2987 putantem,

77 3024 112 3084 25
127 3001 286 3067 curiosum
301 3011 335 3067 et
349 3003 482 3088 plenum
498 3003 618 3089 negotii
634 3003 750 3069 deum?
793 3005 881 3070 Hinc
895 3006 984 3070 vobis
999 3008 1123 3072 exstitit
1137 3007 1275 3092 primum
1290 3018 1327 3074 55

126 3105 182 3169 illa
202 3106 308 3170 fatalis
329 3105 510 3184 necessitas,
525 3129 623 3192 quam
645 3105 838 3192 εἱμαρμένην
859 3108 972 3186 dicitis,
992 3119 1038 3187 ut,
1053 3110 1205 3195 quicquid
1227 3133 1278 3175 ac-

126 3211 219 3289 cidat,
234 3211 268 3274 id
287 3233 326 3276 ex
346 3221 477 3276 aeterna
491 3213 627 3278 veritate
648 3236 879 3298 causarumque
894 3213 1134 3279 continuatione
1149 3215 1278 3279 fluxisse

126 3314 247 3380 dicatis.
291 3315 414 3395 Quanti
443 3323 553 3379 autem
582 3315 662 3380 haec
691 3316 893 3402 philosophia
919 3316 1121 3382 aestimanda
1145 3325 1203 3394 est,
1227 3317 1279 3380 cui

125 3427 291 3503 tamquam
314 3407 456 3495 aniculis,
478 3427 512 3484 et
535 3418 575 3484 iis
599 3420 731 3504 quidem
755 3420 899 3496 indoctis,
925 3420 991 3484 fato
1017 3420 1085 3484 fieri
1111 3414 1279 3485 videantur

75 3519 256 3598 3oomniat
300 3520 454 3604 Sequitur
475 3520 615 3601 μαντικὴ
639 3530 753 3598 vestra,
775 3543 858 3606 quae
881 3521 996 3585 Latine
1022 3521 1208 3586 divinatio
1230 3522 1278 3584 di-

126 3623 218 3700 eitur,
233 3644 297 3707 qua
319 3631 411 3688 tanta
431 3623 651 3688 imbueremur
672 3624 907 3711 superstitione,
924 3625 950 3688 si
972 3646 1029 3690 vos
1050 3624 1161 3689 audire
1183 3625 1279 3689 velle-

126 3747 207 3802 mus,
232 3732 271 3789 ut
300 3709 489 3810 haruspices,
514 3747 661 3810 augures,
686 3726 808 3802 harioli,
835 3733 933 3803 vates
963 3725 1157 3811 conjectores
1186 3725 1278 3790 nobis

126 3835 234 3892 essent
259 3829 390 3893 colendi.
435 3827 499 3891 His
522 3829 696 3893 terroribus
718 3828 759 3892 ab
784 3829 922 3914 Epicuro
946 3828 1042 3893 soluti
1068 3837 1102 3893 et
1124 3829 1159 3891 in
1182 3829 1275 3893 liber·
1290 3834 1327 3890 55

126 3939 229 3995 tatem
252 3930 404 3996 vindicati
427 3953 487 3994 nec
510 3932 686 3996 metuimus
708 3954 769 4008 eos,
793 3954 873 4016 quos
893 3933 1111 4018 intellegimus
1136 3956 1195 3998 nec
1216 3934 1276 3998 sibi

76 4056 112 4116 35
128 4033 248 4118 fingere
269 4034 369 4097 ullam
391 4033 571 4099 molestiam
594 4055 654 4098 nec
675 4034 767 4098 alteri
789 4056 950 4119 quaerere,
973 4042 1007 4099 et
1029 4035 1082 4119 pie
1105 4045 1277 4121 sancteque

176 4166 191 4216 7
204 4165 309 4225 facilem
325 4163 398 4226 [B0],
410 4163 492 4226 sarilo
509 4162 586 4212 AEP.
684 4165 700 4212 8
716 4166 813 4226 maara
830 4165 872 4213 El.
887 4164 944 4222 GU,
961 4167 1055 4226 nepotis
1073 4180 1121 4215 uss
1137 4166 1272 4229 generally.

128 4240 160 4289 15
175 4243 260 4291 ultimi
278 4255 336 4300 uss,
352 4242 466 4292 ultimam
482 4246 501 4292 ο
519 4241 584 4290 Dav.
603 4241 698 4292 Heind.
717 4243 763 4291 Ba.
861 4243 894 4292 26
911 4245 1053 4306 εἱμαρμένην
1071 4243 1136 4306 edd,
1151 4246 1180 4294 in
1196 4244 1277 4294 Latin

127 4321 215 4370 letters
226 4336 283 4372 mss.
377 4322 409 4372 80
424 4321 529 4383 μαντική
540 4321 605 4382 edd,
620 4321 648 4370 in
659 4322 737 4372 Latin
748 4322 837 4373 letters
848 4322 936 4372 ABcn
950 4323 1017 4373 Mus.
1029 4325 1087 4375 Asc.
1181 4325 1213 4374 34
1229 4339 1277 4373 are·

127 4404 220 4453 tuimur
231 4403 363 4463 B²UOMv,
375 4411 506 4454 ominamur
517 4403 687 4456 afferren.

1107 4489 1191 4550 2-2
