3076 4944
406 1235 463 1310 rr.
509 1234 712 1312 runnu
755 1236 1070 1316 crcaaours

269 1432 373 1542 DE
444 1421 793 1544 NATURA'
840 1437 1210 1547 DEORUM.

627 1749 829 1764 m

524 1978 692 2057 LIBER
725 1979 951 2059 PRIMUS.

234 2157 260 2223 Ι.
304 2155 384 2224 CUM
404 2156 526 2224 multae
547 2180 598 2223 res
620 2157 654 2222 in
675 2155 877 2243 philosophia
891 2177 1095 2243 nequaquam
1112 2156 1189 2222 satis
1208 2153 1342 2222 adhucl

168 2258 344 2344 explicatae
360 2259 434 2336 sint,
450 2266 521 2323 tum
535 2257 738 2342 perdifficilis,
753 2257 864 2334 Brute,
878 2257 964 2342 quod
979 2265 1015 2322 tu
1031 2258 1165 2322 minime
1179 2257 1314 2342 ignoras,
1329 2279 1335 2289 ·

167 2367 203 2424 et
220 2359 410 2446 perobscura
431 2359 576 2444 quaestio
597 2366 645 2423 est
666 2358 707 2423 de
728 2366 846 2423 natura
864 2357 1006 2435 deorum,
1020 2379 1103 2442 quae
1121 2365 1155 2422 et
1170 2357 1210 2421 ad
1225 2356 1314 2442 agni·

168 2463 291 2527 tionem
315 2461 416 2526 animi
439 2461 654 2548 pulcherrima
677 2469 728 2525 est
753 2468 787 2525 et
812 2459 853 2524 ad
877 2459 1314 2544 moderandam-religionem

137 2561 353 2646 5necessaria.
401 2560 451 2626 De
470 2582 535 2646 qua
557 2568 626 2624 tam
646 2560 754 2624 variae
773 2566 850 2623 sunt
869 2559 1125 2625 doctissimorum
1147 2559 1313 2623 hominum

168 2674 300 2747 tamque
320 2662 537 2746 discrepantes
559 2661 748 2739 sententiae,
767 2667 805 2724 ut
825 2681 942 2744 magno
962 2667 1153 2744 argumento
1172 2680 1240 2723 esse
1260 2658 1314 2723 de-

167 2766 252 2854 beat,
263 2787 389 2858 causam
413 2765 459 2850 [id
474 2773 531 2843 est,
547 2764 741 2850 principium
756 2763 988 2849 philosophiae]
1012 2785 1081 2828 esse
1103 2762 1313 2840 inscientiam,

166 2868 405 2954 prudenterque
434 2868 643 2933 Academicos
665 2891 686 2933 a
708 2867 804 2932 rebus
829 2867 960 2931 incertis
985 2867 1200 2932 assensionem
1229 2867 1315 2932 cohi·

167 2970 283 3037 buisse.
327 2970 413 3051 Quid
435 2978 485 3036 est
504 2971 592 3036 enim
606 2970 792 3036 temeritate
810 2970 943 3055 turpius„
964 2978 1022 3035 aut
1037 2970 1115 3056 quid
1130 2978 1198 3035 tam
1213 2977 1315 3036 teme·

118 3097 154 3136 10
168 3073 287 3136 rarium
311 3085 443 3159 tamque
466 3071 637 3158 indignum
661 3071 816 3158 sapientis
838 3072 996 3158 gravitate
1017 3080 1115 3158 atque
1135 3072 1315 3137 constantia

166 3196 264 3259 quam
279 3182 337 3240 aut
351 3174 466 3239 falsum
478 3174 598 3239 sentire
609 3182 673 3250 aut,
684 3174 769 3259 quod
785 3195 850 3238 non
865 3174 942 3239 satis
953 3175 1117 3259 explorate
1127 3184 1315 3260 perceptum

167 3277 210 3342 sit
225 3284 259 3341 et
274 3276 447 3361 cognitum,
466 3276 535 3340 sine
550 3275 618 3340 ulla
632 3275 837 3341 dubitatione
852 3275 1047 3342 defenderet
1095 3275 1190 3340 Velut
1204 3276 1240 3341 in
1254 3276 1344 3342 haer

215 3436 231 3484 2
247 3436 299 3485 sint
315 3433 347 3493 X,
364 3441 423 3484 sunt
439 3433 495 3486 Asc.
515 3439 545 3486 Κ.
678 3435 694 3483 3
710 3436 864 3497 aprrttr'onem
879 3431 968 3497 [AGE]
983 3431 1051 3482 Mus.
1083 3433 1248 3496 sepultionem
1262 3435 1313 3486 Bo.

166 3517 320 3581 squatum
341 3516 431 3574 XBn,
448 3531 499 3578 qua
515 3517 581 3579 quod
597 3522 648 3564 tum
667 3515 766 3565 several
782 3515 811 3564 of
832 3515 917 3564 Moser
940 3514 994 3565 and
1012 3519 1130 3575 molt,
1148 3527 1199 3576 quo
1216 3517 1315 3578 quidem

167 3604 219 3646 tom
230 3597 253 3646 G
264 3593 367 3655 Heind.‚
377 3611 428 3657 quc
438 3609 494 3644 cum
505 3601 556 3643 tam
566 3595 613 3644 Ba.
629 3602 687 3643 sant
698 3594 757 3644 Asc.
780 3593 1017 3659 firmumque,
1029 3597 1080 3644 sint
1087 3594 1314 3648 remoramur.

166 3676 182 3725 6
199 3675 415 3726 utAse.B²U11.0
428 3673 526 3738 (erased
539 3675 574 3737 by
584 3676 727 3738 corrector),
739 3690 791 3724 om.
803 3675 1023 3731 Amenanus
1066 3677 1095 3724 id
1109 3691 1197 3738 mupnc
1212 3678 1255 3727 Or.
1267 3678 1314 3727 Ba.

167 3757 233 3807 after
252 3753 367 3804 Ernesti.
411 3769 462 3804 erse
482 3755 770 3804 debeat—sententias
792 3757 815 3816 (ἕ
832 3757 857 3816 2)
875 3770 925 3806 orn.
942 3755 1094 3806 ΑΟῙΒΚΜΒ.
1126 3758 1215 3806 moras
1236 3759 1313 3808 Bous

166 3836 219 3887 and
236 3850 286 3886 uss
303 3835 439 3899 generally,
459 3837 565 3886 debeam
583 3841 602 3888 1.
620 3835 691 3898 Βοὴ,
712 3838 799 3886 debens
819 3835 847 3885 M
870 3837 908 3898 (of
925 3837 1019 3899 Moser)
1036 3837 1082 3888 Ba.
1182 3840 1315 3890 'lesuram

166 3919 197 3968 id
210 3926 246 3968 est
257 3917 413 3980 principium
423 3916 482 3965 Asc.
494 3916 524 3966 0²
536 3919 639 3980 (receati
651 3931 727 3966 mauu
737 3917 847 3979 marpiai
858 3917 1021 3979 adscrtptum)
1033 3917 1223 3980 Etur'nmsv,
1238 3935 1316 3969 curua

163 4000 318 4061 principium
334 3996 399 4055 Bm,
418 4012 496 4047 causa
511 4003 537 4047 ct
548 3996 775 4060 paracarassimo,
791 4011 891 4046 corruam
906 3998 961 4056 On,
974 3999 1133 4061 principium
1149 3999 1195 4063 Ba,
1215 4018 1316 4053 caluam

167 4087 192 4129 et
206 4079 363 4142 principium
377 4076 435 4128 Sela
454 4076 518 4138 Mu,
535 4092 636 4127 cuasam
649 4092 699 4126 esse
717 4077 876 4126 inscientiam
892 4076 973 4140 Wytt.
996 4077 1090 4130 Heind,
1112 4079 1201 4133 Orsua.
1233 4086 1317 4137 idest

167 4162 358 4211 —inscientr'am
373 4163 462 4210 ome.
496 4174 546 4209 erse
558 4161 718 4209 inscientiam
727 4158 778 4219 El,
791 4172 840 4207 esre
851 4160 981 4207 scientiam
992 4172 1041 4208 uss
1052 4161 1188 4227 generally,
1200 4179 1251 4215 esse
1262 4180 1316 4217 sen.
1411 4210 1414 4215 ,

168 4243 272 4290 tentiam
282 4243 335 4289 ml.
411 4240 426 4290 9
445 4239 542 4301 turpius
553 4239 611 4288 Asc.
619 4237 701 4288 Palat.
711 4240 726 4288 3
738 4237 816 4287 Herr.
828 4237 870 4288 El.
882 4237 1002 4304 θάφθ’,
1011 4239 1106 4302 fortius
1118 4253 1168 4292 uss
1178 4245 1316 4308 generally,

162 4320 264 4382 foedius
276 4317 420 4379 Manutius,
433 4319 518 4369 Klotz.
1310 4317 1314 4333 ³

254 4413 291 4462 ru.
307 4413 334 4461 o.
1210 4404 1229 4468 1
