3076 4944
236 375 278 436 14
431 364 451 377 ”
615 385 662 433 nn
683 384 825 434 uarum
847 384 1001 433 nnonru.

145 585 148 596 .
234 553 342 595 rernm
375 529 594 616 pertinentem
628 531 660 594 vi
693 531 804 595 divina
838 552 908 595 csse
942 529 1092 594 affectam
1127 537 1231 614 putat.
1292 529 1384 594 Idem
1412 578 1424 589 ,Α

161 616 172 636 ⁰
234 634 328 697 astris
357 632 418 697 hoc
448 632 535 697 idem
566 633 691 711 tribuit,
722 640 794 697 tum
829 634 931 709 annis,
963 632 1129 696 mensibus
1164 653 1385 716 annorumque

234 736 476 801 mutationibus.
520 737 605 802 Cum
631 759 707 802 vero
733 735 870 800 Hesiodi
898 733 1075 819 θεογονίαν,
1097 736 1131 799 id
1153 744 1203 800 est
1229 737 1384 822 originem

234 838 375 917 deorum,
412 841 655 926 interpretatur,
692 841 779 905 tollit
816 843 947 906 omnino
984 842 1120 907 usitatas
1155 849 1385 926 perceptasque

233 943 430 1027 cognitiones
452 943 604 1023 deorum3
633 943 852 1028 nequeenim
875 944 992 1008 Jovem
1014 966 1121 1030 neque
1143 945 1307 1009 Junonem
1330 967 1385 1009 ne·
1421 969 1436 1027 5

233 1068 297 1129 quc
320 1045 453 1110 Vestam
475 1067 581 1130 neque
604 1068 811 1131 quemquam,
833 1046 890 1130 qui
914 1045 962 1110 ita
984 1046 1174 1131 appelletur,
1196 1046 1231 1109 in
1252 1047 1385 1110 deorum
1446 1048 1447 1055 ’
1488 1099 1497 1132 ,

233 1144 332 1209 habet
356 1167 499 1239 numerq,
522 1135 578 1210 sed
602 1146 699 1210 rebus
725 1146 877 1212 inanimis
899 1156 998 1232 atque
1020 1149 1119 1212 mutis
1143 1171 1201 1233 per
1222 1149 1385 1233 quandam

72 1319 79 1333 ⁴
183 1240 501 1334 assignificationem
531 1249 610 1313 haec
627 1248 733 1314 ‘docet
761 1249 886 1314 tributa
915 1250 1055 1315 nomina
1106 1250 1208 1336 Cujus
1237 1251 1385 1336 discipuli

233 1350 394 1445 Aristonis
428 1351 493 1416 non
531 1352 639 1416 minus
679 1373 795 1437 magno
830 1353 865 1416 in
904 1375 1008 1418 errore
1043 1353 1204 1417 sententia
1237 1361 1295 1431 est,
1330 1353 1386 1438 qui

233 1474 338 1536 neque
361 1452 497 1517 sormam
521 1452 574 1516 dei
598 1453 745 1539 intellegi
767 1475 860 1539 posse
883 1463 1012 1519 censeat
1033 1477 1139 1540 neque
1163 1456 1197 1519 in
1222 1455 1290 1519 deis
1314 1478 1385 1519 sen·
1402 1487 1437 1524 ιο

232 1577 305 1618 sum
332 1578 400 1620 csse
426 1555 521 1633 dicat,
550 1555 743 1642 dubitetque
769 1550 1014 1639 omninoldeus
1040 1558 1188 1621 animans
1209 1580 1310 1622 necne
1334 1558 1385 1622 sit.

234 1657 410 1722 Cleanthes
440 1667 560 1734 autem,
583 1657 640 1743 qui
669 1659 833 1722 Zenonem
863 1659 989 1723 audivit
1018 1681 1084 1723 una
1113 1680 1186 1722 cum
1217 1680 1263 1736 eo,
1288 1682 1384 1744 quem

232 1759 378 1842 proxime
400 1759 572 1836 nominavi,
595 1768 666 1822 tum
688 1759 795 1844 ipsum
816 1760 974 1824 mundum
997 1760 1094 1825 deum
1116 1761 1196 1826 dicit
1217 1783 1294 1839 esse,
1314 1772 1385 1826 tum

232 1860 333 1924 totius
362 1868 498 1924 naturae
529 1861 632 1924 menti
658 1869 758 1946 atque
784 1861 894 1927 animo
923 1862 1040 1926 tribuit
1070 1863 1129 1926 hoc
1159 1885 1286 1941 nomen,
1312 1874 1383 1929 tum

168 2003 179 2017 .-
233 1962 385 2026 ultimum
408 1969 442 2026 et
464 1961 658 2026 altissimum
680 1971 780 2047 atque
803 1958 949 2048 undique
969 1964 1199 2029 circumfusum
1222 1974 1256 2030 et
1279 1975 1434 2050 extre-15

232 2086 322 2127 mum
344 2063 452 2128 omnia
471 2064 654 2149 cingentem
676 2073 775 2149 atque
797 2066 1000 2155 complexum
1023 2067 1175 2146 ardorem,
1195 2068 1252 2153 qui
1273 2070 1385 2133 aether

231 2166 423 2242 nominetur,
440 2166 653 2232 certissimum
677 2168 774 2232 deum
791 2168 936 2253 judicat3
962 2170 1113 2254 idemque
1134 2171 1225 2255 quasi
1245 2172 1384 2236 delirans

232 2269 267 2334 in
287 2269 327 2334 iis
346 2269 443 2347 libris,
458 2293 538 2354 quos
557 2271 682 2356 scripsit
702 2281 812 2336 contra
827 2272 1036 2356 voluptatem,
1052 2281 1123 2336 tum
1140 2273 1235 2358 fingit
1249 2274 1383 2337 formam

232 2357 394 2459 quandam
415 2373 610 2459 etspeciem
637 2375 780 2450 deorum,
796 2383 868 2438 tum
892 2374 1097 2440 divinitatem
1120 2397 1247 2440 omnem
1269 2377 1384 2442 tribuit
1483 2408 1484 2412 ¹

217 2476 334 2553 ,astris
353 2484 425 2539 tum
447 2476 529 2540 nihil
550 2477 675 2541 ratione
697 2485 806 2540 censet
828 2498 896 2541 esse
918 2476 1066 2557 divinius.
1110 2478 1164 2542 Ita
1185 2479 1284 2556 litut
1305 2481 1384 2544 deus
1399 2512 1435 2549 κο

151 2646 158 2670 ⁴
231 2577 295 2655 ille,
309 2600 407 2663 quem
427 2588 537 2643 mente
557 2577 717 2642 noscimus
737 2587 835 2663 atque
854 2576 889 2641 in
909 2570 1010 2642 animi
1025 2578 1155 2643 notione
1169 2588 1335 2664 tamquam
1350 2583 1384 2646 in

181 2696 221 2755 38
232 2684 367 2769 vestigio
382 2685 529 2748 volumus
543 2705 704 2768 reponere,
718 2705 878 2767 nusquam
893 2705 1020 2767 prorsus
1035 2686 1204 2767 appareat(
1221 2684 1304 2775 XV.
1337 2690 1384 2750 At
1414 2673 1417 2678 ¹
1507 2739 1510 2751 .

232 2787 386 2852 Persaeus
407 2788 551 2874 ejusdem
573 2787 710 2852 Zenonis
732 2787 866 2863 auditor,
884 2807 937 2850 eos
957 2785 1037 2850 dicit
1059 2807 1127 2850 esse
1149 2783 1276 2851 habitos
1296 2788 1382 2866 deos,
1443 2804 1445 2809 ’

231 2892 382 2977 aquibus
402 2913 519 2975 magna
538 2890 663 2955 utilitas
682 2889 722 2952 ad
737 2889 824 2952 vitae
842 2888 966 2952 cultum
980 2897 1065 2952 esset
1079 2888 1220 2966 inventa,
1235 2889 1383 2974 ipsasque

230 3013 281 3056 res
300 2978 398 3055 utiles
418 2999 453 3055 et
472 2989 628 3055 salutares
647 2991 779 3054 deorum
799 3011 868 3053 esse
884 2988 1046 3054 vocabulis
1066 3000 1274 3074 nuncupatas
1289 3000 1382 3056 utne
1398 3019 1432 3077 23

230 3092 291 3158 hoc
310 3093 441 3177 quidem
464 3093 593 3170 diceret,
613 3092 670 3157 illa
691 3093 825 3156 inventa
846 3113 914 3156 esse
936 3091 1077 3167 deorum,
1094 3091 1150 3155 sed
1172 3092 1242 3178 ipsa
1263 3093 1381 3159 divina.

232 3199 304 3277 Quo
329 3196 406 3280 qnid
432 3195 608 3272 absurdius,
635 3216 733 3279 quam
763 3201 821 3258 aut
849 3215 900 3257 res
929 3193 1071 3258 sordidas
1099 3206 1197 3304 atque
1226 3196 1382 3261 deformes

230 3300 363 3364 deornm
384 3298 503 3362 honore
523 3299 647 3362 afficere
663 3305 720 3360 ant
735 3297 881 3361 homines
896 3297 1078 3361 iammorte
1093 3297 1215 3363 deletos
1229 3322 1381 3385 reponere

178 3408 216 3466 39
231 3401 265 3465 in
289 3400 374 3477 dem,
397 3422 534 3484 quorum
560 3398 664 3464 omnis
689 3398 796 3463 cultus
822 3407 907 3463 esset
932 3399 1061 3475 futurus
1085 3399 1120 3463 in
1146 3400 1260 3467 luctu?
1304 3404 1381 3468 Jam

231 3525 303 3568 vero
319 3501 525 3588 Chrysippus
540 3501 597 3587 qui
619 3500 800 3565 Stoicorum
822 3500 1018 3565 somniorum
1036 3502 1223 3568 vaferrimus
1244 3505 1382 3570 babetur
1394 3535 1433 3590 30
1501 3563 1508 3584 ἦ

278 3639 293 3687 1
307 3637 883 3702 pertiruutemABE÷,pertlapcatemOBK÷.
926 3640 1112 3689 vidiviaacsre
1124 3642 1380 3703 affectamGManut.

228 3727 258 3769 ut
268 3720 358 3769 divina
369 3734 420 3768 esse
431 3721 475 3782 aff.
492 3718 596 3781 ΛΟΜ,
606 3727 636 3768 at
649 3720 739 3768 diviua
753 3734 804 3768 erse
816 3720 860 3781 aff.
875 3718 905 3782 B,
922 3725 950 3769 ut
966 3721 1080 3769 divinem
1092 3735 1143 3771 esic
1159 3724 1203 3785 aff.
1219 3723 1340 3783 Asc.x÷,
1354 3733 1381 3773 ut

229 3802 462 3863 divinariteffecta
473 3799 617 3865 EUEl.÷.
674 3798 887 3862 [affectamfflch.
992 3801 1161 3862 3-θεογονίαν,
1172 3804 1201 3852 id
1212 3811 1248 3852 eae
1259 3806 1381 3865 originem
1438 3837 1441 3848 ·

228 3883 328 3931 deorum
340 3880 481 3943 Suainson,
497 3874 664 3942 Theogoniam
675 3882 720 3932 te.
735 3895 771 3930 or.
780 3882 845 3933 deor.
861 3896 929 3943 usa,
943 3885 1110 3944 Theoponiam
1121 3883 1190 3935 Man.
1200 3885 1243 3934 Or.
1252 3885 1297 3936 Ba
1311 3885 1379 3944 Sch.,

231 3965 398 4024 Theoponiom
414 3964 504 4025 [idest
521 3964 583 4021 erip.
601 3963 680 4023 deca]
697 3961 750 4014 Mu.
809 4000 814 4011 .
884 3965 1024 4012 scisitatus
1042 3964 1105 4024 X÷,
1119 3967 1211 4015 truitae
1225 3967 1297 4016 GUn
1309 3968 1378 4018 Man.

228 4042 323 4094 Heind.
391 4043 406 4092 6
423 4045 564 4106 appelletur
572 4031 724 4101 ABEPK÷,
734 4045 879 4107 appellatur
887 4044 1086 4098 cursio÷0r
1098 4045 1158 4095 sih.
1224 4049 1239 4098 9
1255 4051 1379 4098 sententia

228 4130 264 4172 est
275 4125 319 4184 qui
331 4121 433 4172 Arbon
445 4123 502 4172 Asc.
511 4131 545 4184 ψ,
558 4124 692 4171 sententias
710 4124 754 4184 qui
770 4121 878 4184 AlBEK,
893 4125 986 4172 sentius
1001 4126 1045 4185 qui
1059 4124 1105 4174 CB.
1250 4126 1282 4174 13
1298 4128 1379 4190 ipsius

228 4204 345 4252 arandum
356 4204 427 4251 ἀειιηι
437 4207 464 4252 Η
473 4201 539 4262 edd,
547 4205 628 4267 ipsum
638 4205 709 4253 derna
720 4205 837 4254 trinodum
849 4219 898 4254 uss
909 4205 1048 4268 generally.
1115 4207 1146 4255 23
1158 4207 1222 4256 dicit
1229 4207 1278 4257 Asc
1290 4207 1377 4270 Uli-t,

228 4298 279 4334 om.
292 4283 364 4343 XBK,
376 4285 444 4333 dixit
456 4283 508 4335 sch
