3076 4944
477 403 541 451 nm.
564 402 577 449 1
600 401 671 450 ore.
696 400 899 448 xrrr-xnrv
921 384 961 468 ἓξ
984 386 1165 449 llo-124.
1355 387 1397 449 43

246 550 311 614 cilli
337 557 451 625 esseut,
474 547 599 612 futuros
624 543 782 609 beneficos
808 552 842 608 et
866 543 1022 628 benignos
1051 543 1172 610 inisset
1218 546 1319 611 Nulla
1348 555 1397 611 est

247 651 361 716 caritas
389 649 546 715 naturalis
575 647 660 712 inter
688 647 809 711 bonosi
868 644 1003 711 Carum
1032 645 1139 731 ipsum
1176 647 1310 712 verbum
1348 656 1398 714 est

246 754 371 831 amoris,
385 775 425 817 ex
441 775 503 838 quo
518 750 678 815 amicitiae
696 771 814 813 nomen
834 756 883 813 est
905 748 1038 813 ductum
1049 772 1057 829 3
1079 771 1177 834 quarn
1200 750 1227 815 si
1250 751 1292 817 ad
1313 751 1398 816 fruc-

246 865 318 920 tum
332 864 478 920 nostrum
492 854 674 928 referemus
686 874 752 916 non
766 851 807 916 ad
822 850 909 914 illius
920 850 1095 929 commoda,
1108 874 1206 937 quem
1217 852 1396 940 diligemus,

214 974 231 1033 5
246 980 310 1021 non
325 958 387 1022 erit
401 957 463 1021 ista
473 955 623 1032 amicitia,
632 953 688 1018 sed
700 959 879 1017 mercatura
892 950 1050 1036 quaedam
1061 953 1244 1019 utilitatum
1256 976 1396 1023 suarum.

245 1060 343 1126 Prata
367 1068 402 1125 et
424 1083 501 1125 arva
523 1067 557 1123 et
580 1055 741 1143 pecudum
762 1077 874 1141 greges
896 1055 1077 1140 diliguntur
1098 1055 1160 1122 isto
1182 1057 1286 1139 modo,
1309 1062 1396 1145 quod

244 1165 366 1230 fructus
384 1187 424 1229 ex
446 1164 485 1228 iis
507 1163 697 1247 capiuntur3
720 1161 889 1225 hominum
904 1161 1020 1225 caritas
1035 1168 1070 1226 et
1088 1161 1232 1226 amicitia
1252 1167 1396 1248 gratuita

244 1275 301 1333 est.
346 1267 476 1346 Quanto
498 1264 599 1350 igitur
613 1263 715 1348 magis
730 1261 872 1340 deorum,
887 1263 945 1347 qui
960 1262 1050 1327 nulla
1064 1285 1099 1328 re
1114 1273 1246 1351 egentes
1261 1274 1295 1331 et
1310 1267 1394 1332 inter

244 1393 277 1436 se
303 1371 443 1455 diligunt
468 1378 502 1434 et
527 1368 712 1432 hominibus
737 1367 927 1432 consuluntl
972 1367 1066 1447 Quod
1094 1367 1130 1432 ni
1159 1368 1208 1434 ita
1235 1370 1287 1449 sit,
1316 1371 1395 1458 quid

197 1494 231 1532 ro
244 1495 442 1551 veneramur,
453 1470 532 1558 quid
548 1493 716 1556 precamur
730 1469 828 1534 deos?
849 1491 906 1534 cur
921 1471 1016 1534 sacris
1031 1471 1206 1555 pontificae,
1219 1494 1276 1538 cur
1286 1476 1395 1562 auspi·

243 1575 300 1640 ciis
314 1597 451 1661 augures
465 1575 639 1660 praeeunti
662 1571 741 1658 quid
756 1578 905 1657 optamus
924 1593 945 1636 a
964 1571 1014 1637 dis
1035 1571 1293 1640 immortalibus?
1315 1577 1395 1662 quid

242 1680 416 1743 vovemus?

308 1780 356 1845 At
385 1779 484 1845 etiam
513 1779 595 1845 liber
623 1786 673 1844 est
702 1777 834 1864 Epicuri
863 1777 904 1843 de
933 1777 1112 1846 sanctitate.
1166 1779 1325 1847 Ludimur
1351 1781 1393 1848 ab
1408 1792 1465 1853 123

242 1883 372 1948 homine
395 1905 460 1948 non
486 1890 555 1947 tam
583 1883 686 1946 faceto
711 1903 809 1966 quam
834 1880 876 1945 ad
902 1880 1062 1946 scribendi
1090 1880 1255 1948 licentiam
1282 1884 1393 1952 libero.

194 2004 227 2063 15
243 1985 334 2065 Quae
345 1984 433 2050 enim
447 1990 636 2070 potestesse
651 1984 812 2061 sanctitas,
824 1983 851 2048 si
866 1983 901 2048 di
916 1984 1058 2049 humana
1072 2007 1136 2050 non
1151 1993 1289 2055 curant?
1310 2010 1394 2074 quae

242 2097 351 2152 autem
366 2086 513 2151 animans
527 2093 643 2150 natura
656 2086 738 2150 nihil
754 2090 890 2151 curans?
929 2086 1047 2152 Verius
1061 2095 1112 2153 est
1126 2088 1226 2174 igitur
1239 2090 1393 2156 nimirum

241 2189 331 2267 illud,
347 2188 433 2274 quod
453 2187 619 2253 familiaris
639 2187 784 2252 omnium
804 2195 952 2251 nostrum
974 2187 1164 2253 Posidonius
1184 2189 1336 2257 disseruit
1357 2192 1393 2256 in

241 2292 322 2356 libro
337 2291 452 2377 quinto
467 2291 508 2355 de
523 2299 639 2356 natura
659 2291 801 2368 deorum,
818 2291 923 2356 nullos
941 2313 1010 2356 esse
1029 2291 1105 2356 deos
1125 2293 1265 2378 Epicuro
1281 2295 1392 2375 videri,

242 2418 388 2482 quaeque
413 2397 441 2461 is
464 2394 505 2460 de
529 2395 578 2460 dis
602 2395 839 2460 immortalibus
865 2396 991 2475 dixerit,
1016 2396 1156 2463 invidiae
1182 2399 1391 2466 detestandae

192 2521 229 2560 20
241 2499 346 2584 gratia
365 2498 491 2562 dixisse.
538 2497 654 2581 Neque
674 2497 760 2561 enirn
781 2506 851 2562 tam
872 2497 1034 2584 desipiens
1056 2499 1179 2578 fuisset,
1194 2509 1233 2566 ut
1254 2502 1391 2568 homun-

240 2602 304 2666 culi
320 2601 458 2665 similem
473 2600 570 2664 deum
586 2600 730 2684 fingeret,
744 2600 942 2665 liniamentis
959 2602 1131 2667 dumtaxat
1151 2604 1312 2683 extremis,
1326 2628 1392 2670 non

240 2704 355 2769 habitu
371 2703 480 2780 solide,
497 2703 649 2768 membris
666 2703 804 2768 hominis
824 2703 1006 2790 praeditum
1031 2706 1189 2786 omnibus,
1204 2731 1267 2773 usu
1289 2732 1391 2774 mem·

240 2807 370 2871 brorum
385 2826 426 2869 ne
442 2804 576 2868 minimo
591 2804 732 2889 quidem,
749 2806 867 2870 exilem
881 2807 1043 2892 quendam
1061 2816 1160 2892 atque
1180 2810 1391 2894 perlucidum,

240 2908 323 2972 nihil
351 2907 504 2993 cuiquam
532 2907 739 2985 tribuentem,
767 2908 851 2972 nihil
878 2910 1124 2993 gratificantem,
1148 2911 1279 2976 omnino
1308 2913 1390 2978 nihil

191 3034 225 3094 25
240 3021 415 3090 curantem,
446 3012 527 3076 nihil
557 3020 715 3096 agentern.
762 3013 852 3095 Quae
882 3022 999 3079 natura
1028 3014 1170 3100 primum
1199 3017 1290 3081 nulla
1320 3040 1389 3083 esse

238 3124 353 3201 potest,
371 3116 468 3201 idque
487 3113 599 3180 videus
619 3116 778 3201 Epicurus
794 3139 829 3182 re
849 3118 944 3194 tollit,
962 3117 1106 3183 oratione
1127 3119 1283 3205 relinquit
1305 3121 1388 3186 deos

239 3216 375 3295 Deinde,
386 3217 414 3280 si
424 3216 565 3280 maxime
580 3217 655 3281 talis
669 3225 718 3282 est
734 3216 822 3297 deuS,
833 3226 873 3283 ut
887 3217 977 3283 nulla
991 3219 1102 3304 gratia,
1115 3219 1205 3284 nulla
1219 3220 1388 3286 hominum
1403 3248 1462 3309 124

238 3320 372 3386 caritate
401 3328 559 3397 teneatur,
584 3320 709 3401 valeat3
739 3321 818 3405 quid
848 3321 935 3386 enim
964 3321 1069 3386 dicam
1099 3322 1276 3408 ‘propitius
1306 3323 1390 3391 sit't

239 3421 317 3487 Esse
332 3421 419 3486 enim
434 3420 592 3506 propitius
607 3428 713 3504 potest
728 3421 859 3498 nemini,
876 3422 1038 3508 quoniam,
1053 3429 1091 3487 ut
1105 3422 1219 3502 dicitis,
1235 3424 1340 3488 omnis
1354 3424 1390 3488 in

188 3545 226 3602 30
240 3524 459 3589 imbecillitate
474 3533 524 3588 est
539 3531 573 3588 et
586 3522 693 3608 gratia
706 3533 740 3590 et
754 3525 878 3590 caritas.

285 3675 450 3736 ldiliyernua
466 3673 510 3722 ΔΒ
528 3672 587 3723 Sch.
604 3673 668 3734 Mu,
687 3675 816 3735 diligimus
833 3675 872 3724 ΘΤ
888 3673 954 3737 [OE]
970 3673 1014 3724 Or.
1030 3674 1078 3726 Bt.
1176 3678 1386 3741 equiculum

238 3759 326 3810 U‘ron
344 3759 402 3808 Ass.
422 3757 505 3821 [O÷],
524 3759 570 3820 qui
588 3759 618 3808 iu
634 3759 706 3806 nulla
721 3771 747 3806 re
765 3757 920 3808 Assuucrm
935 3758 1046 3823 El.1‚,÷·
1168 3768 1265 3820 coemes
1282 3762 1386 3824 [X]B÷,

237 3850 333 3905 euentus
348 3848 407 3892 runt
424 3841 467 3904 (cf.
481 3855 503 3890 11
518 3840 550 3888 21
566 3847 625 3890 aaut
641 3841 761 3900 carentia)
779 3844 845 3889 m
858 3838 929 3905 El.1⁸¹
945 3839 1006 3901 Bag.
1025 3839 1049 3890 U
1066 3840 1125 3889 Asc.
1223 3841 1255 3890 13
1274 3844 1337 3892 liber
1351 3851 1388 3894 est

237 3925 346 3988 Epicuri
356 3936 406 3972 uss
417 3921 552 3983 generally,
563 3921 672 3983 Epicuri
683 3921 746 3968 liber
755 3926 838 3968 exstat
848 3920 954 3975 0UT÷.
1045 3921 1079 3969 20
1096 3923 1236 3970 moreau
1247 3927 1295 3972 n
1303 3924 1361 3974 Oxi.
1372 3939 1387 3975 e

238 4006 357 4066 Herv.÷,
371 4005 524 4054 homunculis
535 4002 627 4057 XBH÷
644 3999 738 4051 Heind.
749 4000 833 4050 auen.
959 4001 991 4050 24
1007 4004 1198 4067 prutrficuuum,
1211 4007 1309 4054 munina
1319 4008 1388 4057 nihil

239 4087 280 4137 CB
297 4087 355 4134 Asc.
374 4083 435 4134 Sch.
457 4082 521 4141 Mu..
543 4085 725 4150 gratificantem
746 4083 852 4142 omuino,
874 4083 942 4133 nihil
963 4082 1007 4133 Or.
1028 4083 1084 4146 Ba,
1107 4084 1298 4148 gratificantem,
1319 4089 1389 4140 nihil

239 4168 337 4217 omnino
348 4170 366 4217 0
376 4163 439 4216 uec.
451 4163 545 4216 Heind.
