3076 4944
250 410 291 471 54
558 416 767 468 commosis
790 421 833 467 os
856 421 1004 468 ostansa
1026 421 1096 469 uss,

248 563 342 613 others.
424 562 531 623 niodum]
548 561 584 610 cll
599 563 687 622 except
703 562 818 609 mondum
834 566 865 618 11,
882 563 999 611 muudum
1015 565 1060 610 tv.
1140 563 1240 624 motum]
1256 565 1353 613 modum
1369 571 1395 618 c.

246 644 340 706 sensui]
356 647 386 700 v,
403 658 475 691 sensu
490 646 508 690 Ζ
525 644 622 704 (except
638 646 660 691 tl
675 641 760 689 which
775 640 824 690 hos
839 639 996 704 sensibilem).
1104 643 1226 706 iunctum]
1242 647 1398 695 coniunctum

248 731 286 782 11,
303 726 440 789 conuictum
456 728 482 775 0.
573 724 747 785 continentem]
765 727 882 781 cmv,
899 725 1092 772 incontinentem
1108 729 1207 774 Bmo.
1293 728 1333 789 in]
1348 733 1397 784 BV,

248 820 298 857 om.
318 809 483 855 mmloclt.
580 805 996 868 infinit010m.11.0,inflnitac.
1096 807 1185 867 ullum]
1205 808 1300 855 nullum
1315 813 1397 859 mv.

247 887 306 950 quo]
322 901 393 949 quem
409 889 461 943 HV,
478 887 533 934 text
543 888 582 950 Vl.
677 885 764 947 pulsa]
777 886 882 947 pulsans
897 889 947 942 NV,
964 887 1019 934 text
1030 889 1069 950 Vl.
1167 888 1253 949 istam]
1270 890 1351 950 ipsam
1367 895 1396 941 Β.

246 970 326 1017 voluit
342 968 403 1030 esse]
420 981 441 1016 e.
452 982 477 1016 u.
496 971 526 1016 E
646 965 754 1030 animal]
771 968 858 1015 anima
874 970 923 1018 BR.
1039 969 1166 1031 cinpotur]
1183 972 1294 1033 einpitur
1309 977 1396 1030 Πίον,

195 1055 233 1114 27
247 1051 350 1113 aupitur
365 1054 386 1100 1.
489 1049 618 1112 quoniam]
634 1047 701 1097 atter
712 1050 798 1112 placet
813 1053 842 1099 ts.
950 1050 1011 1111 non]
1028 1065 1078 1101 om.
1098 1056 1172 1102 licit.
1272 1055 1344 1102 nulla
1360 1057 1397 1116 re]

247 1133 313 1180 nulli
323 1132 361 1180 rei
371 1135 403 1180 Η.
493 1129 555 1192 oua]
567 1144 630 1191 quise
641 1133 668 1179 Ζ.
764 1129 1013 1194 Alcmaeo]Alcpnoo
1025 1135 1045 1188 1,
1057 1132 1174 1181 Altineoo
1184 1137 1214 1190 ts,
1226 1135 1396 1192 Alcmaeone,

246 1213 349 1261 Alcime
365 1216 394 1270 v,
411 1212 509 1260 Alcmeo
525 1215 563 1275 Vl.
696 1211 767 1272 nam]
786 1211 839 1258 iam
855 1215 881 1261 0.
1015 1212 1186 1275 Pythoporas]
1202 1216 1350 1277 plitaporas
1367 1222 1393 1268 Bt
1491 1256 1494 1261 .

246 1295 481 1356 rerum10m.11.0.
576 1293 927 1358 omnem]omnium811.ttv1.
1014 1297 1184 1359 cooperemur]
1200 1311 1255 1359 cap.
1272 1303 1392 1365 mvl.

247 1375 409 1438 cominperet]
425 1376 548 1437 continpit
565 1379 599 1424 Μ.
703 1376 830 1438 miseram]
848 1376 1013 1424 miserrimam
1030 1381 1062 1426 Η.
1163 1380 1231 1441 quod
1241 1381 1313 1442 fieri]
1330 1383 1396 1444 quod

195 1456 234 1514 28
246 1457 270 1504 si
274 1456 336 1518 fleri
347 1459 375 1505 B.
464 1456 521 1516 iste]
533 1461 593 1503 esset
604 1457 653 1513 BR,
665 1455 717 1517 ipse
728 1458 759 1503 li.
849 1455 877 1502 iu
888 1454 989 1516 mundo]
1001 1455 1030 1503 in
1040 1469 1090 1504 om.
1103 1459 1134 1505 K.
1223 1460 1396 1523 Xenophanes]

246 1539 374 1600 senofases
391 1542 421 1596 K,
438 1539 515 1600 aenos.
535 1542 580 1588 ιῦ.
688 1537 758 1598 item]
774 1537 814 1584 ita
830 1540 883 1585 Mc.
988 1539 1187 1602 reprehenditur]
1208 1544 1299 1599 cml,
1315 1557 1395 1606 repre·

247 1623 392 1670 moderetur
407 1624 456 1678 BR,
473 1620 664 1683 reprehendetur
681 1616 877 1683 (concinetur)
894 1622 926 1675 Η,
943 1621 1134 1680 reprehendetur
1148 1625 1178 1670 v.
1258 1625 1396 1689 infinitate]

246 1703 344 1765 infiniti
354 1699 395 1760 1¹,
406 1702 509 1764 infiniat
520 1699 560 1750 1².
652 1700 805 1763 potestesse]
822 1702 945 1762 e.p.HV.
1026 1701 1097 1762 nam]
1113 1703 1166 1749 iam
1176 1704 1202 1753 c.
1286 1706 1395 1769 quidem]

247 1786 453 1846 quiIt,om.0V.
534 1780 739 1841 commenticium]
750 1783 832 1836 mov,
841 1779 1175 1831 conuenticiumsllothsrs.
1265 1787 1395 1850 quiddam]

247 1879 298 1916 om.
316 1869 347 1914 tt
445 1865 538 1926 simile]
554 1865 660 1912 similem
676 1867 812 1919 nmium,
829 1863 995 1910 similitudine
1012 1867 1113 1915 mov.
1213 1867 1297 1929 efficit]
1314 1871 1396 1930 effecit

247 1948 317 2002 mv,
336 1946 390 1994 text
400 1947 438 2010 VI.
507 1943 639 2004 στεφάνην]
650 1943 789 2005 scopianen
799 1946 826 2000 0,
837 1943 950 2004 stapham
961 1947 1055 2000 euasti,
1066 1945 1208 2006 stapionem
1219 1950 1248 2004 V,
1260 1950 1396 2010 stephanon

247 2025 283 2076 sll
299 2025 393 2076 others.
522 2028 661 2076 continente
678 2024 777 2087 ardore]
801 2027 965 2074 continentem
984 2027 1096 2075 ardorem
1112 2030 1137 2084 z,
1155 2031 1244 2090 except
1261 2032 1347 2092 ardori
1363 2038 1391 2084 n.

246 2109 468 2172 cinpat]cin9itz.
561 2108 683 2172 appellat]
694 2108 823 2170 appellant
834 2111 855 2156 1.
947 2108 1218 2169 eiusdemJeiusHItIIt.
1317 2116 1394 2176 neoda]

247 2195 278 2247 Η,
290 2204 340 2239 om.
352 2190 388 2239 sll
399 2189 493 2240 others.
581 2189 701 2250 monstro]
718 2201 771 2238 om.
782 2192 810 2245 ο,
821 2193 941 2236 monstrat
952 2192 978 2244 L,
990 2189 1157 2238 demonstrata
1168 2194 1203 2246 Μ,
1217 2199 1355 2242 monstrato
1366 2200 1391 2245 ο.
1459 2189 1461 2194 ’

245 2272 341 2333 penoris
358 2272 474 2332 eiusdem]
491 2271 611 2319 eiusmodi
626 2283 651 2331 p.
668 2273 700 2319 E.
796 2270 903 2331 reuocet]
919 2275 1019 2318 reuocat
1034 2272 1060 2318 Ζ.
1158 2272 1188 2319 in
1200 2273 1253 2321 alio
1268 2273 1331 2337 iam]
1343 2276 1393 2324 ium

246 2353 276 2402 in
291 2352 343 2400 alio
359 2355 466 2408 ΙΚΜΟΒ,
483 2352 535 2399 iam
551 2364 603 2400 om.
620 2355 646 2402 1..
745 2350 775 2399 iu
791 2351 846 2413 lsoc]
864 2351 915 2399 loeo
932 2348 983 2398 cdd
998 2354 1051 2400 Hc.

194 2452 232 2510 29
294 2449 354 2499 XII.
385 2435 726 2512 Empedocles,Empedodes
744 2451 795 2498 ΒΚ.
910 2453 990 2496 censet
1012 2447 1110 2497 diuinas
1132 2463 1183 2498 esse
1203 2452 1269 2513 uult]
1290 2455 1346 2503 uult
1368 2457 1392 2505 d.

246 2545 296 2580 esse
315 2545 337 2580 c.
354 2534 414 2588 m,
432 2544 454 2578 c.
471 2530 496 2578 d.
513 2543 534 2581 e.
552 2530 633 2577 soluit
648 2533 678 2580 tt.
811 2527 847 2590 et]
871 2541 922 2577 om.
939 2532 966 2580 B.
1098 2529 1260 2594 Protaporos]
1279 2535 1343 2595 pict.
1363 2539 1393 2593 tt,

245 2614 379 2675 Pitoporas
396 2617 423 2663 0.
523 2611 611 2661 moen
627 2611 694 2674 quod
710 2611 817 2674 limmat]
835 2611 923 2660 habere
940 2623 991 2660 om.
1009 2614 1058 2666 ΚΟ,
1076 2611 1143 2672 quod
1159 2613 1176 2660 l.
1193 2614 1257 2662 scire
1273 2619 1346 2676 Moli,
1367 2619 1391 2668 ls.

246 2697 308 2758 quid
323 2698 340 2746 l.
357 2699 387 2752 tl,
400 2696 422 2744 lu
437 2695 501 2757 qaid
515 2695 533 2742 l.
544 2695 607 2744 scire
617 2698 647 2751 V,
659 2696 714 2742 text
725 2698 764 2759 Vl.
875 2694 1017 2755 earumque]
1031 2697 1105 2751 (mv,
1119 2708 1248 2757 eorumque
1262 2701 1392 2756 BHmto,

245 2791 327 2826 eorum
343 2775 422 2838 quil.
517 2775 670 2836 circumitum]
687 2778 753 2831 m,
771 2775 891 2823 circuitus
908 2773 1004 2823 others.
1095 2775 1206 2838 numero]
1221 2791 1348 2826 mansuum
1365 2785 1389 2830 ο.

244 2858 384 2918 seientiam]
401 2858 698 2915 mcssv,sententiam
708 2860 808 2906 Bmo.
884 2855 994 2920 omuino]
1012 2870 1061 2907 om.
1076 2861 1145 2907 licit.
1235 2859 1290 2921 aer]
1306 2862 1346 2908 ait
1362 2866 1391 2911 K.

193 2947 232 3006 30
245 2943 367 3003 Diopenes
383 2938 477 3004 1¹0V1,
498 2941 618 3001 Diopenis
634 2940 741 2990 enimv.
852 2939 1031 3004 Apolloniates]
1057 2942 1121 3003 App.
1140 2943 1218 2990 ml.
1329 2945 1392 3007 ium]

245 3038 304 3072 nam
318 3026 350 3072 II.
488 3022 614 3070 omninum
630 3027 701 3083 nepet
713 3022 804 3084 posse]
828 3036 854 3071 n.
874 3037 904 3085 p.
926 3035 988 3072 nom
1011 3025 1043 3079 Η,
1065 3029 1136 3084 nepes
1156 3035 1208 3070 om.
1227 3028 1253 3081 1..
1273 3032 1348 3086 nepot
1365 3032 1392 3076 ο.

244 3103 358 3166 anquiri]
372 3103 471 3164 inquiri
487 3105 612 3159 mcliv,
627 3104 749 3163 anquaen'
762 3106 816 3164 m,
834 3105 888 3152 text
902 3107 941 3168 Vl.
1023 3104 1083 3164 non]
1097 3118 1141 3152 nos
1154 3106 1203 3152 BR.
1284 3110 1392 3170 censeat]

244 3191 325 3236 censet
340 3186 428 3235 Emit.
552 3185 612 3245 esse]
629 3191 691 3232 esset
706 3189 734 3234 B.
856 3186 994 3247 ἀσώματον]
1011 3187 1144 3247 osumotim
1159 3190 1185 3247 1.,
1204 3195 1345 3237 azosmaton
1360 3194 1390 3250 st,

244 3273 371 3316 monmton
385 3265 480 3317 others.
570 3267 599 3314 id
612 3268 685 3329 quale
700 3281 750 3315 esse
761 3269 853 3330 possit]
868 3273 960 3324 omn.
1042 3269 1128 3330 etiam]
1145 3269 1211 3317 enim
1227 3274 1252 3326 L,
1269 3283 1319 3318 om.
1334 3276 1389 3322 tait.

244 3347 380 3410 voluptate]
393 3348 521 3395 uoluntate
535 3350 596 3411 HV,
678 3362 743 3409 auae
756 3350 850 3410 omnia]
866 3363 943 3410 quare
958 3348 1042 3397 omnia
1057 3351 1088 3398 Κ.
1175 3350 1237 3411 una]
1255 3363 1306 3398 om.
1321 3355 1389 3402 Νῦν.

244 3445 307 3492 quae
324 3435 349 3478 et
360 3443 408 3492 per
422 3430 458 3491 se]
483 3434 507 3478 et
519 3443 566 3492 per
581 3444 606 3479 se
623 3445 687 3492 quae
703 3435 731 3487 B,
748 3445 812 3492 quae
825 3445 872 3492 per
888 3446 912 3479 se
929 3434 967 3494 Vl.
1076 3435 1134 3478 sunt
1145 3429 1229 3493 saba]
1251 3432 1348 3480 insulso
1363 3439 1388 3484 Ι..

192 3521 230 3580 31
243 3513 273 3561 in
293 3510 338 3573 iis]
364 3511 394 3559 in
415 3511 455 3558 his
475 3513 525 3566 ΒΚ,
543 3517 568 3559 et
590 3510 640 3558 hiis
662 3515 692 3569 Η,
715 3524 766 3560 om.
790 3515 823 3560 m.
932 3511 1002 3558 dicta
1026 3511 1135 3573 rettulit]
1159 3510 1256 3560 dictare
1278 3514 1337 3561 tulit
1359 3517 1388 3564 K

244 3593 368 3654 diximum]
381 3592 485 3641 dicimus
501 3594 527 3639 Ζ.

192 3697 230 3756 32
291 3690 363 3745 XIII.
397 3692 483 3753 etiam]
499 3694 802 3756 om.1miov,rsst.v,.
896 3692 1065 3754 Antisthenes]
1083 3692 1161 3740 tantis
1173 3693 1253 3742 thenis
1265 3697 1292 3754 B,
1306 3693 1391 3742 Antis·

243 3782 309 3824 tenes
320 3779 351 3833 H,
362 3775 517 3824 Antisthenis
528 3777 558 3831 II,
570 3776 728 3824 Antlu'stenes
740 3778 766 3823 0.
848 3775 1010 3837 Speusippus]
1018 3777 1149 3838 pseusipus
1161 3779 1191 3831 tl,
1203 3775 1353 3839 Pseusippus
1365 3781 1390 3826 0.

192 3864 230 3924 33
242 3858 398 3920 subsequens]
414 3870 515 3918 sequens
531 3860 577 3905 Lo.
675 3856 777 3918 animis]
794 3856 877 3904 aninso
894 3861 946 3905 ml.
1054 3859 1256 3920 Aristotelesque]
1273 3860 1391 3907 Aristoti·

243 3942 324 4002 iesqne
340 3942 389 4000 BR,
407 3939 549 3987 Aristotiles
565 3941 613 3994 nt,
630 3938 774 3987 Aristoteles
791 3953 886 4001 quoque
903 3942 977 3994 HGE,
995 3939 1139 3988 Aristoteles
1155 3943 1186 3989 V.
1298 3941 1391 4001 turbat]

243 4027 336 4071 tractat
352 4024 447 4085 Hntv„
467 4019 596 4068 turbantia
612 4025 638 4077 1.,
657 4020 736 4070 tradit
752 4023 780 4076 0,
891 4032 942 4069 non
957 4020 1074 4081 Plutum]
1090 4034 1139 4068 uno
1155 4020 1262 4068 Platone
1278 4023 1390 4077 mett,

242 4103 347 4151 Platone
358 4117 407 4150 uno
418 4105 482 4160 ΠΜ,
493 4115 537 4150 suo
548 4102 654 4150 Platone
666 4105 695 4158 tl,
707 4102 813 4150 Platone
823 4105 854 4152 V.
928 4101 993 4149 dicit
1003 4102 1063 4163 esse]
1075 4101 1176 4151 dicito.
1252 4103 1391 4163 ociositate]

242 4184 384 4231 celebritate
394 4187 422 4231 B.
512 4183 570 4231 deus
580 4185 683 4245 nsouert]
695 4185 798 4231 mundns
809 4184 901 4232 moueri
912 4186 1036 4239 mmm
1053 4182 1155 4231 mondus
1167 4196 1229 4230 mov.
1242 4186 1269 4238 0,
1286 4184 1390 4231 mundus

190 4261 229 4320 34
243 4264 334 4311 rrsouem'
347 4268 428 4324 potest
444 4265 536 4312 mv.
648 4263 711 4325 eius]
735 4276 785 4310 om.
803 4267 830 4312 B.
944 4262 1136 4323 condiscipulus]
1160 4262 1336 4323 condiscipulis
1359 4267 1388 4311 N.

241 4343 399 4404 Xenocrates]
418 4342 561 4391 Genocrotes
577 4346 607 4392 K.
730 4342 888 4405 prudentior]
900 4341 975 4404 prud.
990 4348 1026 4390 est
1042 4344 1091 4390 ΒΚ.
1212 4342 1252 4404 de]
1270 4343 1297 4390 in
1312 4345 1389 4391 sm.
