3076 4944
255 353 295 416 16
636 366 683 414 nn
704 364 844 414 uarum
867 365 1020 429 nnonqn.

147 562 152 583 s
252 509 392 587 discidia,
422 510 602 587 discordias,
637 519 734 587 ortuo,
763 511 922 588 interitus,
952 509 1117 594 querellas,
1147 509 1400 589 lamentationea

252 612 369 675 effusas
391 611 424 674 in
445 612 533 675 omni
554 611 805 697 intemperantia
825 612 984 688 libidines,
998 611 1163 687 adulteria,
1178 611 1313 688 vincula,
1328 613 1415 676 cunr'

251 713 393 779 humano
408 737 525 799 genere
536 714 726 779 concubitus
740 714 955 803 mortalesque
967 735 1008 778 ex
1022 714 1197 778 immortali
1211 724 1404 799 procreatoa,
1509 793 1512 805 Ι

199 820 238 880 43
252 816 335 882 Cum
357 825 525 902 poetarum
547 826 658 882 autem
681 839 784 882 errore
810 817 1003 903 conjungere
1025 817 1102 881 licet
1123 825 1272 901 portenta
1293 840 1399 902 mago·
1440 827 1446 840 ‘

250 941 333 994 rum,
347 919 646 1006 Aegyptiorumque
668 920 704 982 in
726 919 840 984 eodem
859 940 977 1004 genere
997 918 1202 995 dementiam,
1217 925 1288 982 tum
1302 919 1400 983 etiam
1435 941 1449 1000 5

250 1019 340 1106 vulgi
366 1023 541 1106 opiniones,
567 1044 651 1107 quae
678 1022 711 1086 in
737 1021 880 1086 maxima
902 1021 1118 1086 inconstantia
1140 1013 1285 1087 ueritatis
1311 1022 1399 1108 igno-

250 1123 374 1189 ratione
389 1134 564 1191 versantur.

315 1228 364 1291 Ea
393 1229 450 1314 qui
478 1228 655 1293 consideret
685 1250 784 1312 quam
817 1225 998 1292 inconsulte
1027 1250 1064 1292 ac
1080 1235 1214 1292 'temere
1244 1227 1399 1306 dicantur,

249 1330 395 1394 venerari
416 1330 592 1416 Epicurum
614 1339 649 1395 et
678 1330 713 1394 in
739 1352 851 1394 eorum
880 1329 1022 1414 ipsorum
1050 1351 1193 1405 numero,
1219 1328 1401 1414 dequibus

250 1432 330 1496 haec
354 1432 501 1517 quaestio
527 1440 584 1508 est,
605 1431 724 1495 habere
750 1431 876 1495 debeat.
923 1429 1018 1495 Solus
1043 1429 1130 1493 enim
1152 1429 1235 1494 vidit
1260 1431 1399 1515 primum
1416 1461 1451 1498 ιο

250 1555 319 1599 esse
338 1535 422 1612 deos,
435 1535 522 1619 quod
542 1534 578 1598 in
598 1533 743 1598 omnium
757 1533 874 1597 animis
888 1555 998 1597 eorum
1014 1530 1176 1596 notionem
1191 1532 1401 1617 impressisset

248 1637 320 1723 ipsa
339 1646 464 1704 natura
509 1638 599 1717 Quae
623 1644 673 1700 est
695 1637 782 1700 enim
808 1657 888 1720 gens
911 1643 969 1699 aut
990 1633 1076 1718 quod
1098 1656 1200 1718 genus
1221 1633 1398 1715 hominum,

249 1740 336 1823 quod
351 1763 414 1804 non
429 1740 549 1805 habeat
563 1739 632 1804 sine
643 1738 789 1803 doctrina
804 1736 1066 1822 anticipationem
1077 1736 1239 1820 quandam
1251 1736 1399 1801 deorum?

249 1863 348 1926 quam
371 1843 514 1927 appellat
537 1839 713 1928 πρόληψιν
738 1839 904 1925 Epicurus,
928 1838 962 1903 id
988 1845 1038 1902 est
1063 1845 1266 1922 anteceptam
1292 1838 1400 1902 animo

249 1944 298 2008 rei
319 1945 481 2029 quandam
503 1943 773 2019 informationem,
796 1943 864 2007 sine
887 1965 952 2028 qua
973 1964 1032 2007 nee
1057 1941 1203 2026 intellegi
1228 1942 1398 2026 quicquam
1416 1970 1448 2028 15

249 2067 309 2110 nec
338 2046 451 2130 quaeri
479 2068 538 2110 nec
567 2045 723 2130 disputari
753 2052 867 2129 potest.
914 2043 1016 2130 Cujus
1046 2042 1179 2109 rationis
1207 2044 1273 2110 vim
1301 2053 1399 2130 atque

249 2148 427 2212 utilitatem
447 2170 488 2212 ex
502 2148 557 2212 illo
573 2146 847 2262 caelestiJEpicnri
864 2147 904 2211 de
919 2146 1031 2232 regula
1050 2154 1084 2212 et
1099 2146 1114 2232 j
1120 2146 1222 2212 udicio
1236 2147 1398 2213 volumine

196 2263 237 2322 44
250 2251 438 2336 accepimus
476 2250 586 2315 XVII.
611 2247 728 2328 Quod
719 2249 779 2335 rgit
782 2272 819 2313 ur
766 2248 1082 2313 tfundamentum
1099 2249 1195 2335 hujus
1206 2248 1399 2332 quaestionis

249 2360 307 2430 est,
285 2353 355 2418 tid
370 2352 554 2438 praeclare
541 2359 667 2438 jamtum
682 2351 807 2417 videtis.
844 2351 930 2417 Cum
944 2351 1032 2415 enim
1047 2374 1113 2415 non
1128 2351 1277 2415 instituto
1292 2351 1399 2436 aliquo

249 2463 308 2519 aut
328 2477 416 2520 more
438 2463 503 2520 aut
482 2455 589 2539 tlege
611 2453 653 2518 sit
675 2434 783 2539 opinio
809 2453 964 2518 constitut
966 2476 988 2518 a
1010 2452 1204 2539 maneatque
1229 2454 1271 2518 ad
1295 2477 1398 2518 unum
1413 2485 1450 2525 ιο

249 2556 394 2621 omnium
406 2556 499 2620 firma
509 2555 683 2633 consensiO,
694 2555 840 2640 intellegi
856 2577 984 2620 necesse
996 2564 1124 2621 estesse
1136 2556 1228 2636 deos;
1247 2556 1399 2641 quoniam

247 2658 361 2724 insitas
382 2681 498 2748 eorum!
515 2659 567 2724 vel
588 2658 697 2743 potins
718 2659 846 2723 innatas
868 2658 1066 2744 cognitiones
1087 2659 1251 2736 habemus
1273 2659 1313 2725 de
1336 2682 1399 2744 quo

247 2769 359 2826 autem
382 2761 527 2825 omnium
553 2770 669 2827 natura
694 2761 863 2838 consentit,
886 2759 921 2824 id
947 2783 1060 2826 verum
1086 2783 1153 2826 esse
1179 2785 1306 2827 necesse
1330 2772 1398 2842 est;

246 2886 315 2929 esse
336 2864 437 2949 igitur
458 2863 534 2929 deos
555 2863 775 2928 confitendum
797 2870 854 2930 est
901 2863 994 2942 Quod
1014 2864 1166 2947 qnoniam
1185 2865 1252 2946 fere
1274 2873 1398 2928 constat

247 2965 332 3031 inter
346 2989 457 3031 ornnes
468 2982 536 3030 'non
551 2965 757 3051 philosophos
772 2966 884 3041 solum,
896 2965 952 3029 sed
964 2965 1062 3057 etiam
1077 2965 1228 3042 indoctos,
1239 2967 1398 3030 fateamur
1412 2989 1446 3048 ις

247 3077 392 3133 constare
413 3068 504 3132 illud.
517 3068 624 3145 etiam,
646 3067 730 3130 hanc
752 3063 810 3131 rios
832 3066 951 3131 habere
976 3067 1043 3131 sive
1065 3066 1337 3152 anticipationem,
1360 3078 1398 3133 ut

246 3179 323 3234 ante
347 3170 422 3247 dixi,
445 3159 511 3233 sive
535 3167 776 3254 praenotionem
802 3168 935 3232 deorum
961 3169 1050 3250 (sunt
1075 3168 1162 3232 enim
1187 3168 1283 3233 rebus
1308 3171 1397 3235 novis

246 3294 330 3336 nova
350 3271 500 3358 ponenda
521 3271 704 3384 nomina,u
681 3271 937 3355 utEpicurns
927 3295 996 3358 1pse
1021 3270 1192 3360 πρόληψιν
1213 3274 1396 3358 appellavit,

246 3397 345 3459 quam
365 3381 461 3438 antea
479 3395 575 3438 nemo
595 3391 633 3438 eo
648 3349 744 3439 verbo
765 3373 1088 3456 nominarat)—hanc
1109 3375 1210 3461 igitur
1232 3376 1396 3457 habemus,

195 3491 234 3550 45
247 3486 286 3542 ut
307 3478 382 3542 deos
403 3475 514 3543 beatos
536 3484 571 3541 et
591 3475 789 3540 immortales
807 3484 968 3561 putemus.
1014 3478 1105 3598 Quae
1125 3479 1210 3543 enim
1232 3480 1323 3545 nobis
1341 3503 1396 3545 na·
1409 3504 1448 3559 30

247 3586 321 3642 tura
341 3576 502 3642 informat
480 3584 601 3641 tronem
622 3576 764 3661 ipsorum
786 3577 919 3642 deorum
942 3577 1031 3642 dedit
1031 3556 1166 3656 ,cariem
1180 3579 1371 3664 insculpsit
1362 3605 1397 3645 m

159 3682 168 3725 s
246 3680 418 3757 mentibus,
440 3688 479 3744 ιιι
500 3702 555 3745 eos
576 3687 778 3745 aeternoset
764 3681 876 3746 ttbea
862 3689 911 3746 tos
932 3681 1132 3748 haberemus
1177 3684 1323 3764 Quod
1298 3708 1326 3749 sr
1350 3686 1397 3750 ita

246 3792 304 3860 est,
325 3804 399 3847 vere
421 3783 566 3868 exposita
588 3783 644 3846 illa
665 3783 827 3849 sententia
847 3792 898 3849 est
919 3785 961 3849 ab
984 3785 1130 3870 Epicuro,
1152 3786 1239 3869 qnod
1264 3787 1396 3853 beatum

296 3926 312 3974 3
328 3927 463 3976 immortali
475 3941 524 3976 uss
537 3927 673 3990 generally,
685 3929 865 3978 immortalibus
882 3933 940 3980 0Νο
956 3930 1020 3980 Dav.
1032 3929 1127 3982 Heind.
1226 3933 1257 3982 14
1275 3937 1397 4000 πρόληψιν

217 4063 219 4066 Α
247 4001 302 4051 Red
318 4005 339 4064 (ι
351 4019 392 4053 see
409 4005 505 4067 Moser)
522 4006 588 4064 edd..
601 4008 738 4068 prolemsim
750 4007 806 4070 (but
819 4008 962 4070 problelria
980 4009 998 4060 1.
1018 4011 1059 4072 28)
1079 4011 1108 4070 A,
1124 4012 1278 4077 prolempsin
1292 4013 1322 4075 B,
1337 4029 1396 4076 pro·
1420 4016 1424 4019 ’

249 4084 346 4145 bleprin
363 4084 411 4144 GK,
422 4086 564 4146 problebm'a
576 4085 627 4144 ΕΡ,
641 4101 689 4149 pro
702 4089 774 4150 plebs
791 4089 819 4137 tm
833 4093 853 4137 B
865 4088 921 4151 (but
933 4091 1084 4152 problcbrr'm
1099 4090 1116 4140 l.
1129 4093 1179 4154 28),
1189 4080 1323 4156 prolepsim
1336 4095 1395 4144 Asc.

248 4164 281 4211 24
297 4179 347 4213 erre
363 4180 415 4214 orn.
428 4165 470 4215 Or.
483 4165 526 4228 (by
541 4166 688 4230 mistaket).
750 4169 807 4231 sere
825 4169 879 4233 BE,
892 4171 954 4235 fieri
972 4171 1085 4222 Acran.
1184 4174 1214 4222 25
1225 4174 1357 4236 fateamur
1373 4175 1395 4223 B

248 4247 322 4306 (corr.
340 4246 407 4294 from
418 4246 541 4307 fatemur)
558 4245 625 4308 edd,
634 4248 747 4310 fatemur
763 4261 820 4300 uss.
921 4249 951 4298 31
963 4251 1072 4312 ipsorum
1088 4251 1187 4302 deorum
1203 4251 1248 4319 [X]
1259 4257 1289 4314 a,
1301 4254 1324 4305 d.
1338 4256 1357 4307 l.
1371 4253 1396 4304 U

246 4325 305 4393 Asc.
317 4324 406 4388 [Mus]
418 4324 478 4374 Sch.
