3076 4944
199 373 241 436 38
582 383 628 431 nn
650 382 791 431 uarum
814 382 966 432 osonum

197 531 232 594 in
254 552 308 595 me
328 528 468 594 incidere
486 528 652 613 imagines,
677 526 821 604 Homeri,
844 527 1035 604 Archilochi,
1057 527 1197 607 Romuli,
1215 526 1351 605 Numae,

198 636 409 721 Pythagorae,
440 633 592 710 Platonis,
624 654 684 697 nec
714 654 753 698 eo
778 633 891 711 forma,
918 653 983 716 qua
1011 631 1060 695 illi
1085 632 1235 696 fuerunt!
1279 632 1351 711 Ouo

197 738 292 801 modo
310 736 359 800 illi
378 737 475 820 ergo?
497 743 531 800 et
549 756 686 820 quorum
706 734 885 819 imagines?
929 734 1095 819 Orpheum
1113 741 1242 820 potitam
1259 735 1353 800 docet

177 841 388 907 'Aristoteles
409 862 589 926 numquam
610 839 717 916 fuisse,
740 847 774 903 et
796 839 857 903 hoc
882 838 1059 922 Orphicum
1083 860 1211 902 carmen
1232 838 1351 922 Pytha-

196 947 285 1032 gorei
313 947 421 1011 ferunt
446 945 611 1030 cujusdam
643 944 740 1008 fuisse
772 942 929 1027 Cercopis.
979 942 1028 1007 At
1057 941 1214 1027 Orpheus,
1239 942 1274 1006 id
1302 948 1352 1006 est
1385 963 1401 1022 5

197 1051 304 1135 imago
333 1049 410 1134 ejus,
434 1057 474 1113 ut
501 1068 558 1112 vos
587 1047 694 1124 vultis,
717 1047 752 1110 in
781 1046 927 1111 animum
950 1067 1059 1111 meum
1089 1067 1184 1131 saepe
1209 1045 1350 1112 incurrit.

127 1170 184 1229 108
198 1155 294 1235 Quid,
316 1155 401 1240 quod
424 1153 569 1238 ejusdem
594 1152 734 1216 hominis
758 1151 793 1215 in
819 1172 928 1217 meum
952 1151 1148 1228 aliaeeliae
1172 1151 1206 1214 in
1232 1153 1351 1215 tuuml

197 1257 285 1342 quid,
300 1257 386 1342 quod
402 1278 512 1321 earum
529 1276 644 1332 rerum,
661 1274 745 1340 quae
759 1274 937 1339 numquam
956 1252 1085 1317 omnino
1099 1252 1231 1316 fuerunt
1246 1273 1351 1337 neque

197 1379 265 1422 esse
280 1364 463 1441 potuerunt,
477 1363 516 1420 ut
531 1355 666 1440 Scyllae,
682 1363 721 1419 ut
736 1353 947 1420 Chimaeraei
968 1353 1055 1438 quid,
1072 1354 1158 1438 quod
1172 1353 1351 1430 hominum,

196 1463 346 1538 locorum,
365 1461 496 1526 urbium
517 1482 637 1538 earum,
660 1481 740 1544 quas
762 1480 942 1543 numquam
961 1458 1124 1522 vidimusl
1146 1458 1235 1544 quid,
1257 1458 1350 1545 quod,
1368 1483 1403 1522 10

196 1564 352 1628 simulac
377 1563 460 1626 mihi
482 1563 663 1626 collibitum
687 1570 745 1637 cst,
771 1569 898 1646 praesto
922 1567 971 1624 est
997 1559 1126 1645 imagol
1152 1559 1240 1645 quid,
1264 1560 1350 1646 quod

195 1667 295 1731 etiam
321 1665 362 1730 ad
388 1665 603 1730 dormientem
632 1664 770 1728 veniunt
798 1663 991 1729 invocatae?
1034 1663 1117 1728 Tota
1144 1686 1203 1742 res,
1234 1664 1348 1743 Vellei,

196 1769 366 1855 nugatoria
380 1776 439 1833 est.
484 1769 549 1834 Vos
564 1777 674 1833 autem
694 1791 760 1833 non
774 1768 870 1832 modo
885 1767 984 1832 oculis
999 1768 1164 1854 imagines,
1179 1771 1234 1834 sed
1250 1771 1350 1835 etiam

126 1894 183 1952 109
196 1875 312 1938 animis
326 1872 500 1938 inculcatis.
537 1873 643 1936 Tanta
657 1881 707 1937 est
722 1871 898 1958 impunitas
913 1872 1082 1958 garriendi.
1118 1874 1277 1941 XXXIX.
1303 1877 1351 1941 At

196 1997 294 2063 quam
313 1976 465 2041 licenterl
508 1976 716 2040 ‘Fluentium
739 1976 925 2061 frequenter
948 1978 1095 2043 transitio
1120 1977 1158 2043 lit
1179 1979 1348 2058 visionum,
1366 2001 1400 2060 15

198 2088 236 2144 ut
256 2102 274 2144 e
293 2078 404 2142 multis
421 2100 488 2144 una
506 2077 676 2145 videatur'.
722 2078 865 2142 Puderet
883 2100 936 2143 me
956 2078 1060 2144 dicere
1075 2102 1139 2143 non
1154 2081 1348 2167 intellegere,

195 2185 223 2249 si
244 2206 300 2250 vos
321 2183 381 2268 ipsi
401 2182 642 2269 intellegeretis,
663 2182 720 2269 qni
741 2182 806 2247 ista
825 2181 1005 2248 defenditis.
1051 2184 1123 2263 Quo
1144 2185 1238 2248 modo
1260 2185 1347 2250 enim

198 2291 309 2376 probas
318 2288 519 2354 continenter
533 2287 690 2373 imagines
705 2288 803 2353 ferrit
824 2295 891 2367 aut,
908 2287 935 2352 si
950 2287 1160 2366 continenter,
1174 2311 1238 2374 quo
1253 2290 1347 2355 modo

195 2399 368 2461 aeternae?
415 2393 741 2472 ‘Innumerabilitas',
769 2391 887 2477 inquit,
913 2391 1118 2476 ‘suppeditat
1146 2392 1347 2460 atomorum’.

196 2497 287 2561 Num
302 2495 415 2561 eadem
431 2517 505 2580 ergo
524 2494 587 2558 ista
608 2494 711 2571 faciet,
731 2501 770 2558 ut
787 2494 854 2558 sint
874 2493 982 2557 omnia
1001 2492 1218 2578 sempiterna?
1264 2495 1347 2560 Con·
1362 2517 1400 2556 20

195 2602 279 2688 fugis
296 2601 337 2666 ad
359 2600 632 2686 aequilibritatem
655 2598 714 2684 (sic
731 2597 819 2663 enim
840 2594 1017 2682 ἰσονομίαν,
1032 2597 1060 2661 si
1079 2597 1193 2682 placei,
1208 2600 1347 2684 appelle-

196 2704 280 2788 mus)
296 2712 330 2768 ct
344 2703 399 2780 aia,
412 2702 565 2789 quoniam
580 2702 623 2766 sit
639 2710 754 2766 natura
768 2701 920 2778 mortalis,
934 2701 1148 2765 immortalem
1164 2701 1263 2765 etiam
1278 2724 1347 2767 esse

195 2813 348 2890 oportere.
379 2806 447 2869 Isto
463 2806 565 2881 modo,
577 2804 731 2890 quoniam
745 2803 892 2868 homines
904 2802 1055 2866 mortales
1069 2811 1153 2880 sunt,
1166 2803 1231 2868 siut
1246 2804 1347 2891 aliqui

195 2909 399 2984 immortales,
417 2916 450 2972 et
469 2908 622 2994 quoniam
644 2915 822 2972 nascuntur
842 2907 878 2970 in
900 2914 993 2983 terra,
1008 2915 1181 2972 nascantur
1202 2907 1237 2971 in
1254 2929 1346 2991 aqua.

196 3010 258 3073 ‘Et
279 3008 356 3093 quia
381 3017 458 3072 sunt
480 3030 562 3093 quae
586 3008 784 3085 interimant,
808 3014 884 3071 sunt
910 3028 992 3092 quae
1018 3009 1226 3075 conservent'.
1271 3011 1347 3076 Sint
1361 3037 1375 3075 2
1381 3034 1397 3094 5

194 3131 278 3187 sane,
294 3109 349 3174 sed
365 3131 404 3173 ea
424 3118 619 3186 conservent,
635 3131 719 3195 quae
741 3116 836 3190 sunt;
860 3107 936 3172 deos
958 3108 1036 3172 istos
1058 3131 1212 3174 essenon
1234 3113 1345 3179 sentio

242 3393 257 3441 2
269 3406 313 3442 aee
324 3405 354 3440 eo
362 3391 447 3455 forme
458 3387 512 3440 edd
525 3387 591 3438 after
601 3387 702 3449 Lamb,
713 3403 757 3438 nec
768 3403 799 3437 ee
806 3389 891 3452 semia
902 3401 959 3458 uss,
973 3389 1062 3438 nedum
1072 3403 1103 3438 ee
1109 3391 1194 3454 forma
1205 3390 1262 3455 conj
1266 3433 1271 3443 .
1280 3392 1296 3442 J
1298 3428 1304 3442 .
1315 3393 1341 3446 S.

193 3473 265 3526 Reid.
374 3488 422 3536 quo
438 3473 512 3521 modo
525 3473 568 3520 illi
586 3485 642 3532 eruo
654 3471 747 3532 XBKR,
765 3486 814 3534 quo
830 3472 901 3521 niodo
917 3485 975 3532 eruo
989 3473 1032 3520 illi
1048 3471 1119 3534 Ucv,
1133 3488 1198 3535 quoe
1214 3489 1270 3536 eruo
1284 3477 1345 3526 iliae

104 3557 116 3564 ”
194 3559 218 3608 G
228 3555 331 3618 Heind.,
345 3571 394 3619 quo
405 3557 474 3604 modo
485 3556 545 3604 iliae
557 3569 613 3615 ergo
625 3554 649 3604 J.
659 3554 685 3604 S.
696 3552 769 3603 Reid.
826 3553 969 3616 lidercopte
981 3553 1118 3617 Victorius,
1130 3556 1244 3606 Gereonio
1256 3557 1346 3608 AEOK

194 3641 265 3703 (corr.
277 3639 344 3697 from
357 3637 494 3700 Crotonis),
507 3638 625 3687 Cerdonis
636 3637 711 3698 BUo,
726 3636 760 3686 al.
769 3637 881 3696 tritonia,
895 3637 1000 3686 certetur
1012 3638 1057 3687 rto.
1084 3687 1086 3690 ,
1114 3639 1130 3688 8
1136 3639 1243 3702 suerunt
1254 3639 1345 3692 U‘r020

192 3724 292 3782 Asa÷,
309 3723 414 3784 fuerant
433 3718 535 3770 ΧΒΚΟῙ.
637 3720 803 3782 9potuerunt
820 3717 936 3768 A¹Ul⁴00
954 3719 1023 3781 Asa,
1041 3726 1177 3783 potuerant
1194 3723 1344 3775 A'BOEBK.

193 3803 224 3851 14
240 3809 268 3853 at
279 3802 310 3861 A,
321 3803 356 3852 od
366 3815 415 3850 uss
426 3800 564 3864 generally.
697 3801 729 3850 15
747 3803 850 3850 licenter
858 3803 993 3863 fluentium
1006 3815 1055 3852 nas
1066 3804 1204 3867 generally,
1217 3808 1345 3856 licentiam

187 3885 322 3947 sistendam
338 3884 405 3934 Gmi
422 3882 517 3933 Heind.
637 3881 669 3933 19
686 3883 772 3945 iuquit
780 3881 959 3943 BOEUKW,
972 3885 1065 3946 inquid
1074 3884 1143 3947 Aeo,
1156 3887 1241 3949 inquis
1252 3891 1276 3937 Η
1286 3886 1342 3938 edd.

192 3965 235 4026 (cf.
257 3968 271 4028 5
292 3966 344 4026 87).
506 3964 539 4014 20
556 3964 639 4027 furiet
659 3963 683 4013 G
700 3963 763 4014 Red.
782 3963 894 4023 welhet,
908 3967 1007 4027 socient
1023 3965 1173 4038 ΑΟΕΒῊ,
1189 3970 1293 4032 feriunt
1311 3969 1341 4020 B.

192 4046 224 4093 21
246 4045 461 4107 aequilibritatem
481 4042 547 4106 edd,
571 4045 787 4107 aequilibritatem
805 4045 858 4106 ΒΚ,
877 4045 1075 4107 equilibertatem
1090 4045 1184 4109 AOEB,
1206 4049 1344 4111 aequabili·

193 4140 268 4183 tutem
279 4132 325 4182 Uv
335 4132 403 4194 Asa,
416 4134 566 4195 equilitrom
578 4135 717 4182 libertatem
728 4132 786 4185 Oxi.
802 4136 906 4197 ditm,
919 4114 1058 4198 ethitrum
1068 4134 1125 4186 Oxi.
1136 4151 1160 4186 o.
1221 4139 1344 4198 ἱσονομλαν

192 4212 259 4272 edd,
275 4214 414 4262 ironomian
429 4212 488 4270 AO„
498 4215 650 4267 issonomian
665 4214 695 4275 B,
714 4217 842 4278 ysouoinirt
859 4216 891 4265 E.
1014 4217 1046 4266 25
1062 4218 1208 4266 interiment
1224 4225 1283 4266 rent
1299 4218 1344 4275 OG

192 4290 301 4355 (erased)
313 4295 385 4342 rm
396 4291 457 4340 Red.
470 4292 527 4342 Asc.
537 4292 656 4346 ÷Heinu
673 4294 743 4352 Sch,
756 4296 900 4344 interimunt
912 4296 963 4344 siat
975 4295 1129 4346 ABEUBGK
1139 4295 1183 4346 Or.
1195 4296 1240 4345 Ba.
1254 4297 1307 4348 Mu.
