3076 4944
239 361 281 422 42
620 373 668 421 Du
689 372 832 422 NATURA
853 373 1007 424 DEORUM.

237 524 403 600 praetereo
416 516 671 583 Samothraciam
686 538 797 603 eaque,
811 538 894 602 quae
910 517 1026 582 Lemni

482 659 653 716 Nocturno
671 659 767 715 aditu
784 660 917 715 occulta
934 661 1098 732 coluntur,
1163 661 1165 665 ’

517 745 739 800 Silvestribus
756 743 913 816 saepibus
931 743 1040 802 densa

236 873 362 956 Quibus
376 875 544 961 explicatis
559 876 601 941 ad
615 875 839 962 rationemque
853 876 1009 942 revocatis
1023 899 1133 942 rerum
1150 877 1253 964 magis
1271 886 1389 945 natura

234 979 435 1064 cognoscitur
450 978 704 1063 quamdeorum.
1421 1007 1439 1066 5

164 1083 222 1142 120
297 1080 425 1146 XLIII.
470 1080 553 1144 Mihi
568 1080 700 1166 quidem
716 1079 815 1145 etiam
831 1080 1043 1162 Democritus,
1057 1082 1107 1146 vir
1122 1104 1259 1170 magnus
1273 1083 1307 1148 in
1323 1085 1388 1170 pri·

233 1180 304 1260 mis,
331 1181 423 1266 cujus
451 1181 595 1247 fontibus
624 1181 785 1267 Epicurus
814 1182 957 1248 hortulos
986 1205 1060 1249 suos
1089 1185 1244 1271 irrigavit,
1271 1196 1387 1253 nutare

233 1284 361 1350 videtur
374 1285 409 1349 in
424 1293 542 1350 natura
558 1283 699 1350 deorum.
744 1284 829 1348 Tum
851 1285 939 1350 enim
961 1297 1070 1352 censet
1091 1287 1248 1373 imagines
1269 1290 1386 1355 divini·

231 1399 300 1455 tate
314 1388 476 1475 praeditas
494 1388 598 1452 inesse
612 1387 647 1450 in
662 1387 873 1453 universitate
894 1411 1011 1464 rerum,
1028 1398 1101 1454 tum
1122 1393 1279 1478 principia
1300 1415 1386 1458 men·

231 1494 282 1571 tis,
297 1514 380 1579 quae
396 1490 510 1556 sintin
525 1491 638 1555 eodem
652 1489 808 1567 universo,
824 1491 900 1556 deos
920 1513 988 1557 esse
1008 1493 1095 1571 dicit,
1112 1503 1183 1560 tum
1205 1496 1385 1562 animantes
1402 1528 1438 1565 10

231 1593 396 1679 imagines,
413 1613 496 1677 quae
510 1590 563 1657 vel
577 1591 726 1676 prodesse
741 1592 833 1656 nobis
848 1592 973 1658 soleant
987 1595 1039 1659 vel
1054 1617 1174 1674 nocere,
1186 1604 1258 1661 tum
1273 1597 1385 1683 ingen-

231 1705 280 1761 tes
294 1697 450 1782 quasdam
471 1695 628 1781 imagines
649 1703 832 1782 tantasque,
848 1705 887 1762 ut
908 1699 1096 1765 universum
1117 1703 1278 1767 mundum
1299 1725 1385 1769 com·

230 1799 413 1885 plectantur
435 1788 649 1878 extrinsecus;
672 1821 756 1884 quae
778 1799 911 1885 quidem
929 1801 1038 1866 omnia
1055 1810 1132 1866 sunt
1146 1804 1251 1888 patria
1265 1805 1385 1871 Demo·

160 1911 216 1969 121
231 1901 303 1967 criti
317 1924 415 1987 quam
430 1901 615 1966 Democrito
630 1902 782 1988 digniora
828 1903 908 1983 Quis
924 1904 1012 1968 enim
1027 1905 1105 1970 istas
1126 1905 1284 1992 imagines
1299 1930 1384 1972 com-

230 2005 427 2090 prehendere
449 2005 556 2069 animo
577 2008 710 2090 potesti
732 2005 805 2091 quis
827 2006 1000 2072 admirarii
1030 2008 1102 2093 quis
1129 2016 1187 2073 aut
1212 2011 1302 2075 cultu
1325 2020 1384 2076 aut
1400 2044 1434 2104 15

229 2110 383 2196 religione
398 2110 510 2195 dignas
523 2109 692 2195 judicaret
735 2110 894 2196 Epicurus
916 2132 990 2176 vero
1013 2133 1054 2176 ex
1076 2112 1193 2178 animis
1213 2113 1382 2179 hominurn

229 2213 370 2299 extraxit
386 2213 540 2278 radicitus
560 2212 756 2298 religionem,
771 2235 846 2278 cum
867 2213 917 2279 dis
939 2213 1176 2280 immortalibus
1192 2224 1226 2280 et
1240 2239 1333 2301 opem
1348 2225 1383 2283 et

229 2317 366 2402 gratiam
395 2315 535 2381 sustulit.
586 2315 671 2381 Cum
700 2315 788 2380 enim
824 2316 981 2402 optimam
1011 2325 1046 2384 et
1074 2319 1382 2404 praestantissimam

230 2429 376 2487 naturam
393 2419 446 2485 dei
460 2419 546 2484 dicat
564 2441 641 2497 esse,
655 2428 753 2505 negat
774 2419 862 2485 idem
884 2442 952 2485 esse
974 2420 1010 2485 in
1032 2422 1093 2486 deo
1116 2422 1255 2507 gratiam
1266 2445 1275 2504 ;
1295 2424 1382 2488 tollit

228 2523 271 2604 id,
301 2517 387 2609 quod
416 2521 557 2586 maxime
583 2522 747 2607 proprium
777 2530 827 2588 est
854 2523 997 2609 optimae
1023 2524 1381 2611 praestantissimaeque
1397 2562 1434 2600 20

228 2635 371 2692 naturae.
415 2624 502 2704 Quid
520 2622 608 2689 enim
627 2624 745 2690 melius
766 2631 825 2688 aut
844 2624 923 2709 quid
944 2610 1160 2711 praestantius
1181 2626 1327 2692 bonitate
1348 2636 1383 2692 et

228 2727 463 2795 beneficentia?
506 2728 675 2807 Quacum
698 2750 804 2793 carere
820 2727 918 2792 deum
932 2727 1040 2804 vultis,
1055 2728 1220 2793 neminem
1241 2729 1301 2795 deo
1322 2752 1382 2795 nec

228 2832 325 2896 deum
350 2853 411 2896 nec
433 2830 599 2895 hominem
625 2852 742 2905 carum,
767 2828 932 2894 neminem
959 2827 1001 2893 ab
1023 2850 1060 2893 eo
1087 2829 1196 2906 amari,
1217 2830 1382 2894 neminem

228 2935 319 3021 diligi
339 2934 446 2999 vultis.
491 2934 545 2998 Ita
566 2932 613 3012 fit,
631 2940 670 2998 ut
690 2954 756 2997 non
777 2931 873 2997 modo
894 2920 1043 2995 homines
1064 2954 1085 2996 a
1106 2931 1162 3007 dis,
1185 2931 1241 2995 sed
1264 2932 1325 3017 ipsi
1347 2932 1381 2997 di

227 3039 312 3102 inter
326 3058 360 3101 se
375 3036 416 3100 ab
430 3035 502 3100 aliis
516 3035 572 3099 alii
587 3035 808 3120 neglegantur.
852 3032 969 3097 XLIV:
1002 3033 1132 3112 Quanto
1144 3031 1245 3096 Stoici
1256 3033 1379 3111 melius,
1396 3057 1431 3116 ²5

227 3139 284 3224 qui
299 3160 319 3203 a
332 3137 423 3202 vobis
436 3137 733 3223 reprehenduntur!
779 3135 921 3200 Oenseut
939 3141 1050 3198 autem
1072 3133 1233 3218 sapientes
1255 3135 1381 3220 sapien-

226 3241 314 3306 tibus
329 3239 427 3304 etiam
442 3238 562 3324 ignotis
584 3260 653 3304 esse
675 3237 800 3302 amicos
845 3234 939 3300 Nihil
955 3242 1003 3300 est
1021 3234 1108 3299 enim
1123 3235 1244 3300 virtute
1259 3237 1381 3301 amabi·

226 3342 307 3424 lius;
328 3363 427 3427 quam
449 3341 505 3426 qui
527 3341 665 3426 adeptus
687 3339 756 3418 erit,
772 3337 969 3423 ubicumque
991 3337 1054 3401 erit
1075 3337 1266 3422 gentium,a
1287 3340 1380 3405 nobis

157 3455 214 3514 122
227 3446 387 3533 diligetur.
431 3444 497 3510 Vos
526 3450 636 3508 autem
662 3440 741 3527 quid
764 3441 842 3505 mali
868 3440 961 3517 datis,
988 3461 1063 3504 cum
1091 3440 1128 3504 in
1157 3439 1379 3508 imbecillitate

226 3544 494 3633 gratificationem
517 3553 552 3610 et
572 3543 831 3609 benevolentiam
851 3541 991 3629 ponitis!
1037 3543 1087 3608 Ut
1116 3542 1204 3606 enim
1230 3543 1378 3608 omittam
1392 3573 1431 3629 30

226 3649 293 3714 vim
308 3656 342 3714 et
355 3656 506 3713 naturam
521 3647 663 3726 deorum,
677 3667 719 3710 ne
734 3644 882 3711 homines
896 3644 1028 3730 quidem
1042 3643 1188 3724 censetis,
1203 3644 1266 3710 nisi
1276 3645 1379 3710 imbe-

274 3824 291 3876 9
302 3823 456 3887 matiscone
464 3819 698 3886 [13²](crnugustin
705 3822 754 3884 Ep.
759 3819 817 3885 118)
822 3820 886 3870 Dav.
891 3818 1376 3882 Heind.,mentccquceAB¹0EUO‘1'¹÷,

226 3911 439 3968 mnusquequce
449 3902 637 3952 ssorum
648 3901 731 3949 Allen.
874 3900 905 3970 10
920 3901 973 3949 sint
984 3898 1041 3949 edd.
1052 3900 1117 3949 after
1127 3899 1232 3961 Heind,
1245 3908 1303 3951 suut
1314 3915 1375 3950 uss.

227 3985 256 4033 11
274 3987 369 4034 roboat
380 3983 427 4033 EN
439 3983 467 4032 oi
477 3982 570 4043 Moser,
583 3983 664 4031 solem
673 3979 739 4030 ABG
750 3978 819 4034 Mus.
831 3979 873 4029 Kl.
1015 3980 1045 4030 17
1062 3981 1102 4028 dis
1114 3992 1172 4038 uss,
1183 3982 1213 4028 in
1222 3982 1261 4029 dir
1273 3981 1316 4030 Or.
1328 3982 1375 4030 Ba.

227 4067 258 4117 19
275 4068 344 4115 dicct
355 4079 411 4123 uss,
422 4066 486 4114 dicit
497 4063 601 4114 Walker
610 4061 707 4112 Heind.
815 4061 847 4110 25
863 4061 895 4110 ab
906 4061 967 4109 aliis
978 4062 1027 4109 alii
1038 4074 1090 4110 om.
1103 4059 1183 4110 Oobet
1197 4061 1226 4109 V.
1236 4062 1268 4110 1..
1280 4075 1306 4123 p.
1318 4063 1376 4111 461.

226 4149 257 4196 28
274 4149 376 4210 adeptus
388 4148 437 4196 erit
448 4159 496 4194 uss
507 4144 643 4207 generally,
657 4144 761 4205 adeptus
768 4142 851 4203 suerit
861 4140 904 4189 El.
916 4141 977 4202 Reg.
989 4141 1053 4190 Dav.
1159 4141 1190 4191 29
1207 4141 1236 4188 in
1246 4142 1375 4191 imbecilli·

150 4214 152 4220 ¹
227 4226 393 4291 tute.Lamb.,
411 4228 575 4277 inbecillitate
591 4224 738 4276 GMoser's
753 4223 813 4283 MN,
830 4224 997 4273 inbecillitate
1013 4221 1111 4284 ABUr,
1128 4224 1317 4272 inbecillitatem
1332 4224 1374 4273 ΟΕ

227 4310 295 4360 Mus.
