3076 4944
477 420 541 470 nm.
564 419 577 467 1
599 419 673 468 car.
696 418 831 467 v111-x
854 402 893 487 ξς
917 404 1054 468 19-25.
1318 405 1339 470 t)

189 565 242 628 An
257 566 344 644 haec,
360 572 399 630 ut
412 566 478 629 fere
493 563 608 641 dicitis,
622 561 791 627 hominum
809 585 905 628 causa
923 586 943 628 a
962 565 1022 629 deo
1042 565 1218 630 constituta
1239 569 1339 631 sunt?
1350 574 1389 634 23

190 667 459 752 Sapientiumnel
501 665 637 751 Propter
661 687 778 750 paucos
802 665 903 751 igitur
927 674 1021 731 tanta
1046 675 1096 732 est
1121 667 1206 732 facta
1230 689 1338 732 rerum

188 771 320 835 molitio.
366 769 420 834 An
445 770 641 834 stultoruml
689 769 736 833 At
756 768 899 853 primum
921 791 1017 835 causa
1038 792 1103 835 non
1125 769 1197 850 fuit,
1219 793 1276 836 cur
1297 770 1339 836 de
1410 851 1414 858 .
1494 781 1498 788 '

187 873 342 958 improbis
366 875 449 939 benc
478 879 673 950 mereretur3
712 870 830 936 deinde
859 872 939 957 quid
968 880 1018 938 est
1040 878 1230 940 assecutus?
1262 895 1337 938 cum

156 995 298 1054 somnes
326 977 420 1040 stulti
449 975 514 1040 sint
543 976 611 1039 sine
637 972 737 1039 dubio
762 974 942 1053 miserrimi,
967 975 1107 1041 maxime
1133 977 1219 1062 quod
1244 978 1337 1042 stulti

186 1092 279 1160 sunt3
308 1080 455 1144 miserius
481 1078 568 1143 enim
593 1077 734 1142 stultitia
758 1077 838 1161 quid
863 1099 1034 1163 possumus
1058 1079 1186 1145 diceret
1219 1080 1336 1146 deinde

186 1180 272 1263 quod
288 1180 336 1244 ita
348 1181 452 1245 multa
467 1188 544 1243 sunt
558 1177 760 1242 incommoda
773 1178 806 1240 in
823 1178 898 1256 vita,
913 1187 952 1243 ut
966 1201 1005 1244 ea
1019 1180 1181 1265 sapientes
1198 1203 1337 1247 commo-

187 1285 300 1350 dorum
315 1285 573 1370 compensatione
586 1283 720 1362 leniant,
734 1282 827 1347 stulti
842 1305 901 1348 nec
916 1284 1018 1350 vitare
1032 1284 1194 1349 venientia
1213 1285 1336 1371 possint

185 1410 244 1452 nec
266 1389 348 1454 ferre
369 1388 559 1473 praesentia.
604 1386 646 1451 X.
676 1385 740 1466 Qui
754 1408 829 1451 vero
843 1387 1002 1451 mundum
1015 1387 1122 1472 ipsum
1137 1387 1335 1453 animantem

138 1515 172 1554 10
185 1491 428 1576 sapientemque
444 1512 512 1555 esse
528 1489 688 1564 dixerunt,
705 1490 795 1555 nullo
814 1489 910 1554 modo
925 1489 1084 1568 viderunt,
1100 1490 1200 1556 animi
1218 1500 1335 1557 natura

184 1599 401 1684 intellegentis
427 1598 461 1662 in
487 1620 586 1684 quam
611 1598 749 1683 figuram
776 1597 888 1662 cadere
914 1607 1042 1683 posset3
1072 1599 1113 1664 de
1139 1620 1203 1684 quo
1229 1600 1334 1665 dicam

185 1702 334 1786 equidem
356 1701 452 1787 paulo
475 1694 568 1786 post3
589 1722 675 1765 nunc
697 1707 808 1764 autem
834 1699 991 1765 hactenus
1014 1700 1198 1766 admirabor
1222 1724 1332 1768 eorum
1345 1704 1385 1764 24
1465 1779 1472 1797 .

184 1801 379 1878 tarditatem,
409 1802 467 1886 qui
487 1800 693 1866 'animantem
723 1801 939 1866 immortalem
968 1810 1003 1868 et
1032 1803 1172 1869 eundem
1201 1804 1333 1870 beatum

96 1968 100 1977 ,
183 1905 357 1969 rotundum
372 1928 440 1970 esse
455 1905 565 1982 velint,
581 1904 666 1990 quod
682 1926 721 1969 ea
734 1905 837 1968 forma
850 1913 949 1990 neget
963 1905 1065 1970 ullam
1084 1928 1153 1972 esse
1173 1907 1333 1993 pulchrio-

137 2031 251 2089 151'2111
281 2010 383 2076 Plato.
428 2011 475 2075 At
504 2009 587 2074 mihi
615 2008 667 2073 vel
692 2008 828 2094 cylindri
853 2008 906 2073 vel
931 2009 1080 2094 quadrati
1105 2011 1158 2076 vel
1184 2011 1256 2076 coni
1280 2013 1333 2077 vel

183 2111 357 2195 pyramidis
372 2111 584 2176 videturesse
602 2109 776 2175 formosior.
821 2109 912 2189 Quae
927 2131 1002 2175 vero
1016 2110 1084 2176 vita
1104 2111 1260 2177 tzibuitur
1278 2112 1333 2178 isti

183 2214 321 2278 rotundo
342 2214 425 2279 deo?
468 2213 596 2299 Nempe
617 2221 656 2278 ut
678 2234 717 2277 ea
738 2213 903 2278 celeritate
924 2221 1182 2299 contorqueatur,
1201 2198 1254 2281 cdi
1274 2239 1334 2303 par

183 2317 272 2380 nulla
287 2316 475 2404 necogitari
487 2316 621 2401 quidem
636 2316 754 2401 possit;
775 2315 809 2379 in
824 2338 889 2401 qua
903 2339 967 2381 non
982 2318 1077 2383 video
1091 2318 1224 2383 ubinam
1241 2342 1333 2385 mens

183 2427 331 2483 constans
346 2428 380 2485 et
394 2419 462 2484 vita
476 2420 572 2483 beata
586 2419 687 2504 possit
700 2418 861 2493 insistere.
904 2420 1064 2505 Quodque
1083 2419 1118 2485 in
1137 2430 1246 2486 nostro
1266 2444 1332 2487 cor·

134 2549 171 2588 20
183 2543 259 2606 pore
271 2522 298 2585 si
309 2521 444 2586 minima
455 2544 495 2586 ex
509 2529 602 2606 parte
613 2517 848 2605 †significetur,
858 2520 1030 2587 molestum
1042 2521 1093 2599 sit,
1106 2525 1162 2587 cu'r
1173 2522 1233 2588 hoc
1244 2523 1331 2588 idem

184 2646 247 2687 non
263 2624 420 2689 habeatur
434 2623 606 2688 molestum
622 2623 656 2687 iu
671 2623 755 2689 dect
798 2623 897 2688 Terra
911 2624 998 2689 onim
1013 2627 1164 2711 profecto,
1179 2627 1331 2712 quoniam

183 2727 297 2791 mundi
322 2749 395 2812 pars
425 2734 482 2807 est,
508 2749 582 2812 pars
612 2734 662 2791 est
686 2725 786 2791 etiam
814 2725 874 2790 dei.
919 2726 1023 2811 Atqui
1048 2734 1151 2792 terrae
1174 2728 1332 2793 maximas

182 2832 326 2916 regiones
340 2831 568 2896 inhabitabiles
582 2839 681 2916 atque
696 2830 835 2895 incultas
849 2829 1005 2911 videmus,
1022 2831 1108 2916 quod
1123 2854 1198 2918 pars
1220 2854 1330 2897 earum

182 2933 319 3017 appulsu
334 2933 407 2997 solis
423 2931 584 3010 exarserit,
596 2954 668 3018 pars
684 2931 859 3017 obriguerit
872 2932 948 2997 nive
962 2933 1142 3018 pruinaque
1157 2933 1331 3018 longinquo

134 3059 168 3119 25
183 3037 257 3100 solis
271 3036 416 3101 abscessu
429 3060 437 3117 ;
460 3057 553 3120 quac,
567 3035 594 3099 si
609 3034 750 3100 mundus
765 3043 815 3100 est
830 3035 917 3112 deus,
933 3035 1086 3120 quoniam
1098 3036 1212 3101 mundi
1224 3046 1331 3122 partes

181 3147 265 3218 suut,
288 3139 340 3204 dei
361 3138 506 3204 membra
526 3138 644 3223 partim
667 3138 820 3217 ardentia
843 3139 962 3224 partim
985 3140 1172 3226 refrigerata
1196 3139 1332 3205 dicenda

181 3249 268 3308 sunt.

246 3346 356 3432 Atque
381 3344 461 3411 haec
486 3345 619 3431 quidem
644 3354 759 3423 vestra,
787 3346 898 3412 Lucili.
952 3346 1068 3426 Qualia
1090 3370 1165 3413 vero
1189 3347 1263 3426 sint,
1288 3347 1330 3413 ab
1343 3350 1381 3411 25

181 3450 296 3515 ultimo
312 3458 456 3535 repetam
472 3450 681 3535 superiorum.
727 3450 845 3514 Thales
862 3450 950 3514 enirn
966 3450 1120 3528 Milesius,
1137 3450 1194 3535 qui
1208 3450 1331 3536 primus

132 3571 170 3628 30
182 3552 222 3616 de
248 3552 368 3617 talibus
393 3552 488 3616 rebus
514 3550 683 3636 quaesivit,
707 3574 826 3636 aquam
852 3552 936 3617 dixit
961 3574 1030 3617 esse
1056 3552 1187 3616 initium
1213 3575 1330 3629 rerum,

182 3656 278 3720 deum
301 3663 506 3719 autemeam
529 3661 683 3731 mentem,
698 3676 781 3739 quae
803 3676 844 3719 ex
865 3677 951 3742 aqua
970 3662 1086 3720 cuncta
1105 3654 1250 3740 fingeret.
1294 3655 1331 3721 si

230 3852 262 3901 10
277 3859 371 3901 natura
386 3852 553 3912 intelieaeatir
569 3851 599 3914 A,
618 3858 712 3902 notura
730 3854 896 3916 intellegentia
917 3853 946 3913 0,
961 3861 1080 3904 naturam
1097 3855 1329 3916 intellegentiam,

180 3940 273 3982 autari
285 3935 454 3994 iutellepeater
467 3933 490 3981 B
500 3932 570 3991 Aac„
581 3938 700 3982 acturam
715 3934 886 3994 intelieqenter
899 3933 922 3982 Ε
934 3932 1002 3983 Mus.
1016 3934 1115 3996 (except
1128 3936 1179 3996 ΒΚ)
1194 3933 1224 3996 U,
1237 3943 1331 3985 natura

180 4019 205 4060 et
215 4014 387 4073 intelieceatio
399 4010 459 4062 Sch.
471 4011 536 4062 after
546 4009 692 4063 Eichstadt.
793 4013 824 4060 12
842 4014 978 4063 bactram.-
995 4012 1208 4064 admiratorem
1222 4014 1266 4066 Or.
1280 4014 1325 4067 Ba.

181 4085 234 4146 Muss
248 4109 290 4145 see
301 4094 400 4147 Gomm.
500 4095 534 4145 20
548 4095 706 4158 ripaificetar
716 4107 774 4153 uss,
786 4095 961 4157 †ri9oificetar
972 4093 1016 4144 Or.
1027 4093 1093 4152 Mu,
1103 4095 1140 4144 rio
1151 4096 1271 4146 incitetur
1280 4096 1328 4148 Ba.

180 4176 246 4225 aiter
256 4175 409 4225 Lachmann
419 4189 454 4226 on
464 4174 540 4227 Lacr.
554 4190 581 4226 ru
591 4176 632 4235 20,
643 4177 680 4225 ric
691 4177 817 4238 officiatur
829 4175 899 4234 Sch,
910 4176 1035 4226 sentiatur
1046 4175 1131 4225 Klotz.
1223 4178 1256 4227 28
1271 4193 1329 4229 vero

180 4261 231 4307 sint
242 4258 299 4306 Asc.
308 4262 336 4320 v,
353 4273 408 4306 vero
419 4264 455 4308 ert
469 4255 574 4319 Amor,
588 4271 646 4306 vero
656 4263 715 4306 sunt
730 4256 902 4318 Uommio,
914 4270 966 4305 om.
977 4261 1005 4317 x,
1018 4271 1075 4306 vero
1086 4259 1142 4306 aiio
1152 4258 1204 4308 siat
1214 4257 1270 4308 But
1279 4258 1323 4310 Or.

180 4337 235 4399 Ba,
247 4352 304 4389 vero
315 4345 398 4388 cetera
408 4339 460 4388 sint
471 4335 537 4402 conj.
553 4335 623 4399 Solu,
637 4336 760 4394 vero†ert
772 4335 826 4390 Mu.
906 4336 937 4386 21
957 4338 981 4387 ri
993 4335 1052 4386 Asc.
1063 4335 1153 4401 EU÷,
1166 4339 1203 4390 sic
1213 4337 1327 4391 lucan
