3076 4944
361 391 425 440 ura.
450 391 463 437 1
487 389 558 438 cir.
582 373 1067 458 xxx11—xxx1v§§89-95.
1255 378 1297 441 33

146 556 294 620 quaeque
316 533 544 621 procreationis
567 556 663 598 causa
685 544 801 599 natura
823 535 946 620 corpori
965 535 1101 616 affinxit,
1120 557 1158 600 ea
1180 535 1298 601 frustra

148 640 282 704 habehit
296 639 384 718 deus
399 661 459 704 nec
474 646 608 703 externa
622 638 724 724 magis
746 661 843 724 quam
867 639 1027 716 interiora,
1044 661 1104 717 cor,
1119 639 1297 726 pulmones,

142 743 242 827 jecur,
266 751 382 821 cetera,
407 765 490 828 quae
512 742 657 808 detracta
678 744 823 809 utilitate
845 744 924 829 quid
953 745 1075 810 hahent
1097 746 1297 810 venustatis?

150 848 413 933 quandoquidem
429 848 508 912 haec
523 869 591 912 esse
606 847 641 911 in
656 848 716 913 deo
730 857 862 934 propter
876 850 1151 934 pulchritudinem
1164 850 1271 916 vultis.

108 971 131 1032 5⁴
206 949 325 1014 Istisne
347 949 484 1014 fidentes
504 950 636 1014 somniis
654 972 718 1014 non
740 951 835 1015 modo
858 951 1016 1036 Epicurus
1038 962 1072 1019 et
1094 954 1295 1019 Metrodorus
1309 961 1347 1021 93

145 1061 179 1118 et
194 1053 416 1118 Hermarchus
438 1063 550 1119 contra
570 1054 796 1140 Pythagoram,
813 1055 983 1120 Platonem
1005 1056 1296 1143 Empedoclemque

143 1158 304 1237 dixerunt,
320 1159 375 1224 sed
390 1159 596 1224 meretricula
611 1161 710 1223 etiam
725 1158 898 1223 Leontium
913 1168 1025 1224 contra
1038 1161 1295 1247 Theophrastum

142 1262 280 1327 scribere
309 1285 388 1328 ausa
416 1264 489 1328 estl
518 1261 598 1326 scito
624 1261 680 1325 illa
703 1261 836 1346 quidem
860 1283 1007 1326 sermone
1032 1270 1066 1328 et
1090 1264 1210 1343 Attico,
1240 1264 1295 1329 sed

143 1373 263 1436 tamen.
308 1364 453 1430 Tantum
475 1364 608 1451 Epicuri
631 1364 744 1428 hortus
766 1363 883 1429 habuit
912 1364 1070 1430 licentiae.
1113 1367 1158 1431 Et
1186 1368 1296 1433 soletis

92 1496 128 1534 10
143 1469 254 1553 queri3
274 1469 361 1532 Zeno
384 1467 517 1553 quidem
540 1467 639 1531 etiam
661 1465 818 1552 litigabat.
863 1466 949 1545 Quid
972 1466 1077 1532 dicam
1098 1468 1295 1534 Albucium?

144 1569 233 1632 Nam
249 1569 397 1634 Phaedro
413 1568 495 1632 nihil
517 1566 706 1653 elegantius
721 1567 804 1631 nihil
825 1567 1017 1649 humanius3
1039 1569 1094 1634 sed
1117 1571 1295 1636 stomacha-

144 1669 241 1734 batur
255 1692 362 1749 senex,
375 1669 403 1734 si
417 1668 496 1755 quid
511 1668 654 1754 asperius
669 1668 822 1744 dixeram,
834 1689 907 1732 cum
920 1669 1077 1754 Epicurus
1088 1671 1295 1738 Aristotelem

143 1772 270 1837 vexarit
291 1772 620 1850 contumeliosissime,
634 1771 800 1836 Phaedoni
821 1771 982 1838 Socratico
1004 1773 1189 1859 turpissime
1210 1777 1295 1840 male

142 1875 271 1954 dixerit,
285 1876 471 1955 Metrodori,
487 1877 604 1941 sodalis
622 1876 679 1955 sui,
695 1878 837 1956 fratrem,
851 1878 1077 1957 Timocratem,
1092 1881 1170 1965 quia
1189 1881 1295 1946 nescio

93 2011 126 2071 15
143 1979 223 2064 quid
243 1979 278 2043 in
300 1979 504 2065 philosophia
526 1979 717 2058 dissentiret,
732 1979 809 2044 totis
824 1981 1043 2046 voluminibus
1064 1983 1246 2062 conciderit,
1260 1984 1295 2048 in

142 2081 364 2146 Democritum
387 2081 501 2167 ipsum,
524 2103 621 2167 quem
643 2090 772 2147 secutus
794 2092 851 2160 est,
873 2084 973 2149 fuerit
999 2085 1153 2171 ingratus,
1176 2087 1294 2151 Nausi-

140 2185 292 2270 phanem,
302 2185 493 2271 magistrum
504 2208 607 2263 suum,
620 2209 714 2272 aquo
723 2187 805 2252 nihil
816 2188 980 2268 didicerat,
991 2199 1060 2255 tam
1069 2193 1155 2256 male
1166 2215 1294 2279 accepe-

140 2290 194 2357 rit.
239 2291 394 2357 XXXIV.
420 2291 506 2356 Zeno
522 2291 655 2376 quidem
666 2313 732 2356 non
744 2314 796 2356 eos
808 2292 921 2373 solum,
932 2295 989 2378 qui
1001 2303 1072 2360 tum
1084 2303 1184 2375 erant,
1196 2296 1295 2382 Apol-

141 2397 298 2478 lodorum,
315 2396 430 2475 Silum,
443 2405 572 2474 ceteros,
589 2396 709 2481 figebat
723 2397 911 2476 maledictis,
924 2399 979 2463 sed
997 2399 1162 2465 Socratem
1179 2401 1294 2485 ipsum,

91 2539 128 2578 20
142 2510 309 2587 parentem
333 2499 564 2586 philosophiae,
589 2498 708 2563 Latino
732 2498 829 2564 verbo
858 2507 955 2564 utens
978 2522 1120 2565 scurram
1147 2502 1296 2568 Atticum

140 2604 240 2670 fuisse
258 2603 394 2680 dicebat,
412 2602 630 2688 Chrysippum
645 2623 824 2687 numquam
840 2602 903 2667 nisi
919 2603 1134 2690 Chrysippam
1153 2607 1295 2671 vocabat.

141 2710 191 2774 Tu
205 2708 274 2795 ipse
288 2707 385 2794 paulo
399 2714 485 2788 ante,
500 2729 573 2771 cum
589 2714 757 2792 tamquam
772 2715 920 2771 senatum
938 2709 1201 2795 philosophorum
1216 2712 1290 2776 reci·
1308 2721 1346 2781 94

88 2890 90 2896 Ι
141 2821 236 2892 tares,
258 2833 400 2876 summos
422 2811 506 2875 viros
528 2810 682 2896 desipere,
704 2810 849 2889 delirare,
873 2811 1040 2879 dementes
1065 2836 1134 2880 essa
1158 2816 1294 2882 dicebas,

142 2919 289 3000 Quorum
304 2917 332 2983 si
347 2939 442 2982 nemo
458 2938 570 2981 verum
585 2916 667 2982 vidit
682 2916 723 2981 de
743 2925 861 2981 natura
881 2917 1023 2997 deorum,
1039 2918 1215 2984 verendum
1237 2929 1294 2997 est,

91 3061 107 3099 2
110 3059 126 3119 5
142 3045 184 3088 ne
199 3022 290 3086 nulla
304 3021 347 3085 sit
362 3020 500 3086 omnino.

207 3127 295 3192 Nam
310 3125 382 3205 ista,
399 3148 482 3211 quae
497 3147 553 3190 vos
568 3125 682 3204 dicitis,
699 3132 776 3190 sunt
792 3133 862 3191 tota
882 3127 1113 3204 commenticia,
1129 3127 1183 3191 vix
1198 3128 1296 3214 digna

141 3232 364 3299 lucubratione
379 3231 603 3310 anicularum3
624 3251 688 3294 non
708 3229 795 3293 enim
814 3229 950 3308 sentitis,
968 3251 1065 3315 quam
1086 3231 1192 3297 multa
1205 3231 1296 3296 vobis

143 3335 346 3422 suscipienda
368 3333 441 3411 sint,
456 3335 484 3399 si
504 3333 723 3418 impetrantis
741 3342 779 3398 ut
801 3334 1012 3399 concedamus
1034 3335 1170 3400 eandem
1192 3337 1295 3402 homi-

143 3462 223 3505 num
238 3461 306 3504 esse
322 3447 355 3504 et
370 3438 505 3503 deorum
519 3436 664 3523 figuram
710 3437 825 3502 Omnis
840 3439 947 3503 cultus
964 3447 997 3503 et
1012 3440 1134 3505 curatio
1156 3443 1295 3527 corporis

92 3574 131 3632 30
143 3546 205 3611 crit
227 3545 341 3610 eadem
363 3542 546 3608 adhibenda
567 3542 637 3622 deo,
661 3563 744 3626 quae
769 3541 943 3607 adhibetur
970 3543 1103 3621 homini,
1125 3545 1295 3630 ingressus,

143 3671 264 3729 cursus,
280 3647 447 3725 accubitio,
463 3644 638 3726 inclinatio,
653 3645 760 3724 sessio,
783 3645 1034 3731 comprehensio,
1048 3648 1089 3712 ad
1112 3662 1293 3715 extremum

144 3754 244 3818 etiam
259 3774 363 3818 sermo
378 3760 412 3816 et
427 3750 537 3816 oratio.
562 3749 649 3814 Nam
664 3748 751 3834 quod
766 3756 800 3812 et
814 3770 918 3812 mares
934 3748 1009 3813 deos
1024 3758 1059 3814 et
1073 3750 1210 3816 feminas
1226 3775 1294 3817 esse
1308 3763 1345 3823 95

145 3853 261 3934 dicitis,
276 3852 355 3939 quid
375 3858 537 3938 sequatur,
552 3849 676 3913 videtis,
722 3848 884 3933 Equidem
905 3848 1016 3912 mirari
1038 3849 1116 3913 satis
1137 3871 1201 3914 non
1223 3873 1295 3937 pos·

191 4072 208 4121 8
219 4077 255 4120 ert
265 4069 329 4128 1310,
340 4071 376 4120 rit
386 4067 547 4123 AB'EBKJs.
647 4066 679 4119 17
694 4067 762 4116 nihil
778 4079 827 4114 uss
841 4064 979 4128 generally,
990 4079 1040 4115 noo
1050 4067 1120 4115 nihil
1130 4070 1152 4116 u
1162 4065 1224 4116 Rad.
1237 4066 1295 4119 edd.

143 4151 210 4205 aiter
221 4151 321 4203 Pearea.
418 4151 449 4201 19
461 4151 543 4199 Silam
555 4150 624 4210 CBK,
639 4148 732 4197 Silium
743 4146 879 4205 Um÷,
891 4148 971 4196 tillim
980 4145 1011 4204 A,
1024 4146 1123 4210 Syllum
1133 4147 1189 4199 Aac.
1198 4147 1295 4207 such,

143 4239 195 4287 sive
206 4235 261 4286 BE.
375 4236 406 4285 21
425 4237 574 4300 Gryrippom
584 4233 666 4292 AUG,
680 4233 840 4293 Gtrtsippom
855 4228 947 4291 Bffix‘,
967 4230 1101 4291 casippom
1117 4229 1206 4289 OEco,
1224 4233 1295 4294 curn·

145 4321 243 4382 cippum
259 4317 356 4379 Bn¹x¹,
374 4321 498 4382 carippnm
513 4318 613 4378 vAso,
627 4317 776 4379 Clusippam
786 4315 851 4365 Dav.
864 4312 959 4364 Heind.

231 4435 266 4484 u.
289 4435 318 4486 c.
1188 4416 1207 4476 3
