3076 4944
335 409 399 460 me.
422 409 436 456 1
458 406 530 456 cnr.
554 407 832 456 xxxiv-xxxvr
854 391 894 477 ἐξ
916 394 1074 457 05-101.
1238 395 1279 457 35

127 549 183 634 qui
199 548 383 626 adoleverit,
398 548 461 612 nisi
476 548 511 611 in
527 568 573 625 eo,
589 547 646 631 qui
664 546 822 623 didicerit,
838 546 902 610 nisi
922 546 957 610 in
977 568 1023 623 eo,
1039 547 1096 633 qui
1112 567 1152 611 ex
1171 546 1280 612 animo

126 660 252 718 constet
267 660 302 717 et
318 673 449 738 corpore
470 651 590 717 caduco
612 659 647 716 et
669 651 806 730 infirmo,
821 660 984 737 postremo
1005 652 1069 716 nisi
1092 651 1127 717 in
1148 653 1279 718 homine

125 763 225 840 atque
240 754 378 820 mortali
424 754 547 834 Quodsi
561 754 597 818 in
611 754 761 819 omnibus
781 755 832 819 his
852 755 947 820 rebus
970 754 1105 834 obsistis
1120 755 1199 841 quid
1221 765 1279 835 est,

126 858 212 943 quod
230 867 264 924 te
281 858 385 922 forma
407 880 474 923 una
495 857 690 922 conturbet?
733 857 795 921 His
817 858 906 922 enim
927 858 1086 935 omnibus,
1101 880 1185 943 quae
1206 881 1279 944 pro-

94 985 110 1044 5
127 961 227 1044 posui,
250 961 412 1046 adjunctis
433 961 468 1025 in
487 960 619 1024 homine
638 959 798 1024 rationem
818 981 886 1024 esse
908 967 943 1025 et
964 968 1110 1025 mentem
1128 960 1279 1041 videbas3

125 1064 244 1148 quibus
266 1063 419 1129 detractis
441 1062 538 1127 deum
560 1071 672 1127 tamen
693 1082 785 1126 nosse
808 1069 842 1126 te
864 1061 951 1139 diois,
971 1062 1066 1126 modo
1088 1061 1279 1126 liniamenta

126 1174 288 1234 maneant.
332 1167 404 1232 Hoc
434 1174 483 1231 est
513 1188 580 1229 non
609 1164 818 1244 considerare,
844 1165 901 1229 sed
930 1165 1023 1250 quasi
1052 1165 1168 1244 sortiri,
1199 1165 1277 1251 quid

125 1268 265 1353 loquare.
311 1269 387 1333 Nisi
414 1268 496 1332 sorte
526 1289 567 1332 ne
594 1267 654 1332 hoc
683 1267 814 1353 quidem
844 1266 994 1345 attendis,
1024 1289 1090 1331 non
1118 1267 1213 1332 modo
1241 1267 1276 1331 in
1290 1276 1328 1336 99

125 1370 266 1450 homine,
281 1372 337 1436 sed
360 1371 460 1437 etiam
482 1370 518 1434 iu
539 1370 660 1447 arbore,
684 1369 838 1455 quiequid
860 1391 1133 1455 supervacaneum
1155 1370 1198 1435 sit
1218 1379 1277 1435 aut

77 1496 113 1534 10
125 1495 221 1537 usum
247 1497 313 1538 non
337 1474 464 1552 habeat,
492 1474 626 1539 obstare.
682 1473 788 1552 Quam
814 1473 987 1537 molestum
1011 1481 1148 1538 estune
1174 1472 1276 1557 digito

125 1573 199 1658 plus
219 1574 355 1638 habere!
401 1573 490 1653 Quid
514 1573 583 1638 ital
626 1571 712 1652 Quia
731 1593 790 1636 nec
811 1570 852 1636 ad
875 1570 1015 1656 speciem
1037 1593 1097 1636 nee
1118 1572 1159 1636 ad
1181 1594 1276 1637 usum

126 1673 228 1738 alium
249 1675 394 1760 quinque
417 1674 609 1740 desiderant.
654 1674 744 1738 Tuus
765 1680 877 1737 autem
899 1672 978 1737 deus
1000 1695 1065 1738 non
1086 1673 1189 1759 digito
1211 1695 1276 1738 uno

125 1776 296 1857 redundat,
327 1778 383 1843 sed
407 1779 522 1864 capite,
551 1778 639 1855 collo,
667 1778 852 1857 cervicibus,
877 1777 1041 1857 lateribus,
1067 1778 1147 1858 alvo,
1177 1786 1275 1863 tergo,

125 1879 311 1964 poplitibus,
334 1880 493 1958 manibus,
518 1879 665 1965 pedibus,
685 1879 868 1958 feminibus,
891 1879 1045 1945 cruribus.
1089 1879 1134 1958 Si,
1155 1888 1195 1945 ut
1216 1881 1276 1944 im·

77 2007 111 2067 15
125 1981 270 2046 mortalis
291 1980 343 2058 sit,
361 1979 440 2066 quid
456 1981 535 2046 haec
555 1981 597 2044 ad
615 1981 718 2046 vitam
737 1979 884 2044 membra
903 1979 1093 2065 pertinenti
1113 1980 1191 2065 quid
1206 1981 1277 2065 ipsa

125 2082 243 2149 faciest
288 2085 394 2168 Magis
416 2083 479 2160 illa,
496 2082 671 2156 cerebrum,
685 2104 745 2161 cor,
761 2083 938 2167 pulmones
953 2082 1064 2167 jecur3
1088 2083 1167 2147 haec
1189 2083 1275 2147 enim

125 2195 203 2252 sunt
223 2187 387 2252 domicilia
407 2187 512 2268 vitae;
534 2186 598 2252 oris
616 2186 748 2273 quidem
768 2186 900 2251 habitus
922 2185 964 2250 ad
984 2185 1070 2251 vitae
1088 2186 1276 2251 firmitatem

125 2290 207 2354 nihil
222 2291 372 2375 pertinet

191 2395 347 2460 XXXVI.
392 2395 436 2459 Et
459 2415 513 2459 eos
538 2394 753 2478 vituperabas,
775 2393 833 2479 qui
859 2415 900 2458 ex
925 2393 1075 2479 operibus
1096 2392 1275 2478 magnificis
1289 2405 1347 2464 100

77 2529 113 2568 20
126 2506 224 2583 atque
253 2496 434 2583 praeclaris,
466 2518 541 2561 cum
570 2496 678 2581 ipsum
706 2495 875 2573 mundum,
905 2516 980 2559 cum
1016 2496 1086 2581 ejus
1122 2496 1275 2574 membra,

125 2602 259 2682 caelum,
284 2609 394 2679 terras,
420 2600 531 2679 maria,
556 2621 695 2685 cumque
718 2600 835 2664 horum
858 2600 1005 2685 insignia,
1030 2600 1138 2678 solem,
1164 2601 1275 2666 lunam

125 2707 309 2793 stellasque,
324 2705 490 2793 vidissent,
505 2727 643 2791 cumque
658 2712 841 2790 temporum
856 2705 1070 2783 maturitates,
1080 2705 1275 2771 mutationes

125 2808 427 2893 vicissitudinesque
448 2808 680 2892 cognovissent,
703 2806 858 2892 suspicati
879 2815 987 2872 essent
1008 2806 1150 2891 aliquam
1172 2807 1275 2871 excel-

125 2912 247 2978 lentem
276 2933 345 2978 esse
375 2920 659 2998 praestantemque
687 2920 847 2989 naturam,
877 2933 960 2996 quae
995 2911 1075 2976 haec
1109 2912 1274 2988 effecisset,

75 3045 91 3084 2
95 3043 111 3104 5
126 3024 277 3096 moveret,
297 3024 433 3102 regeret,
454 3015 661 3102 gubernaret.
705 3014 771 3096 Qui
794 3015 921 3080 etiamsi
942 3015 1093 3081 aberrant
1113 3038 1133 3081 a
1151 3015 1274 3102 oonjec·

124 3127 207 3197 tura,
221 3119 315 3183 video
330 3126 451 3196 tamen,
465 3117 545 3202 quid
560 3124 755 3202 sequantur;
776 3125 814 3183 tu
829 3118 916 3204 quod
931 3139 1010 3203 opus
1032 3117 1165 3183 tandem
1187 3140 1276 3204 mag·

124 3244 204 3287 num
218 3228 253 3286 et
267 3220 434 3306 egregium
450 3206 562 3298 babes,
579 3219 666 3304 quod
689 3220 840 3284 effectum
862 3219 975 3284 divina
995 3228 1105 3286 mente
1121 3220 1277 3298 videatur,

125 3346 165 3389 ex
185 3345 249 3409 quo
269 3344 337 3388 esse
359 3322 436 3387 deos
457 3321 641 3407 suspiceret
685 3321 865 3400 Habebam,
882 3321 998 3406 inquis,
1013 3322 1048 3386 in
1069 3323 1178 3387 animo
1200 3322 1277 3388 insi·

10 3465 13 3471 ·
124 3435 193 3492 tam
218 3426 479 3491 informationem
503 3425 668 3511 quandam
698 3424 759 3489 dei.
806 3425 850 3490 Et
871 3424 999 3490 barbati
1021 3424 1153 3511 quidem
1175 3424 1275 3503 Jovis,

74 3559 113 3616 30
124 3533 269 3617 galeatae
298 3530 483 3610 Minervae3
522 3552 602 3593 num
631 3528 734 3614 igitur
762 3550 831 3594 esse
859 3529 941 3594 tales
970 3533 1087 3615 putas?
1146 3531 1275 3610 Quanto
1290 3542 1346 3600 101

124 3634 239 3699 melius
254 3634 333 3699 haee
347 3633 464 3718 vulgus
477 3632 709 3717 imperitorum,
726 3631 864 3717 quinon
882 3633 1028 3715 membra
1049 3633 1152 3697 solum
1174 3635 1277 3699 homi·

123 3736 175 3802 nis
204 3735 264 3801 deo
289 3735 444 3813 tribuant,
468 3735 524 3800 sed
550 3756 646 3798 usum
672 3735 771 3799 etiam
801 3735 1027 3801 membrorum.
1073 3735 1164 3801 Dant
1188 3736 1276 3801 enirn

173 3861 188 3912 1
201 3863 253 3912 nisi
263 3863 293 3912 ia
303 3876 330 3912 eo
341 3863 387 3927 qui
397 3861 517 3912 didicerit
532 3874 589 3921 uss,
604 3873 655 3911 om.
668 3858 698 3910 (t.
763 3861 846 3910 attinio
859 3860 957 3923 [ABE]‚
969 3862 1055 3911 auimo
1065 3858 1094 3912 (t.
1195 3862 1225 3911 11
1242 3862 1277 3910 rui

123 3943 228 4006 specim
237 3956 281 3992 uec
292 3943 327 3992 ud
336 3956 408 3993 mum
419 3941 443 3992 G
452 3940 547 3991 Heind.
562 3938 629 4002 ach,
642 3941 747 4004 speciem
756 3955 800 3990 aee
811 3940 846 3989 od
855 3955 927 3990 urum
937 3946 964 4002 B,
977 3941 1081 4003 speciem
1091 3955 1135 3991 aec
1145 3956 1216 3990 usum
1227 3956 1277 3991 uss

124 4023 260 4085 generally,
273 4024 353 4086 macic
366 4038 411 4074 uec
428 4037 476 4073 utu
489 4021 572 4072 Bouh.
585 4021 628 4072 Or.
639 4022 687 4072 Ba.
699 4021 755 4071 Mu.
886 4023 917 4071 24
934 4024 1053 4086 effecisset
1063 4022 1151 4074 BEBK
1162 4024 1208 4073 Ba.
1220 4023 1275 4075 Mu.

125 4105 259 4168 (cescebat
270 4104 333 4168 Oa),
346 4105 450 4170 secaret
460 4103 504 4154 AO
516 4103 577 4155 Seh.
709 4103 740 4152 25
756 4117 774 4151 u
790 4101 931 4163 conjectura
945 4116 995 4152 uss
1010 4101 1060 4164 m,
1079 4105 1221 4166 conjectura
1232 4104 1276 4154 Or.

125 4181 185 4232 Scir.
196 4182 243 4232 Ba.
255 4182 310 4234 Mu.
435 4184 467 4232 08
484 4184 602 4234 tutatum
612 4194 662 4232 uss
672 4180 809 4244 generally,
823 4182 937 4232 tutemus
950 4180 1112 4243 G÷Heind,
1124 4185 1200 4234 tabeo
1211 4185 1277 4233 om.

123 4265 209 4326 inquio
230 4277 281 4314 uss
302 4263 430 4327 generally
452 4265 526 4328 (eoru
549 4263 617 4311 from
638 4264 724 4327 inquit
745 4262 785 4326 Β),
809 4262 895 4324 iuquit
916 4267 977 4317 Bt.
1115 4264 1147 4313 32
1165 4265 1277 4314 tritruut

26 4358 30 4367 ·
124 4341 215 4406 [ABE]
225 4347 336 4404 amos,
349 4347 463 4395 tribuunt
475 4345 551 4395 0‘1'120
564 4342 624 4394 ach.

1106 4442 1190 4504 3-2
