3076 4944
400 406 464 455 ura.
488 405 501 452 1
524 405 596 454 cur.
619 403 834 452 axin—xxv
857 387 897 474 ἓξ
920 390 1055 454 63-69.
1263 384 1305 454 23

150 548 242 634 quasi
258 549 389 625 adunca,
402 571 442 613 ex
457 549 509 613 his
524 549 676 613 effectum
688 569 757 613 esse
772 549 897 613 caelum
911 557 1010 633 atque
1025 557 1143 613 terram
1155 547 1244 612 nulla
1254 571 1304 613 co-

124 721 127 725 ,
151 663 248 738 gente
263 662 388 732 natura,
400 655 455 719 sed
470 677 624 719 concursu
636 654 776 739 quodam
784 654 1053 732 fortuito—hanc
1064 662 1102 719 tu
1113 654 1305 739 opinionem,

152 756 187 822 O.
202 756 316 834 Vellei,
330 779 434 842 usque
448 757 489 821 ad
506 757 589 821 hanc
604 766 745 823 aetatem
759 757 947 842 perduxisti,
962 758 1115 842 priusque
1129 765 1163 822 te
1177 757 1250 842 quis
1264 757 1305 822 de

152 860 240 925 omni
252 861 340 925 vitae
356 866 443 923 statu
459 880 557 943 quam
575 858 616 924 de
636 859 701 923 ista
721 858 912 924 auctoritate
933 858 1098 944 dejecerit3
1121 866 1199 924 ante
1218 858 1305 923 enim

122 962 300 1048 5judicasti
315 961 510 1046 Epicureum
525 968 559 1025 te
574 981 643 1024 esse
658 969 813 1044 oportere,
828 983 925 1046 quam
944 960 1007 1026 ista
1021 961 1205 1047 cognovisti.
1250 961 1306 1026 Ita

151 1089 279 1133 necesse
304 1067 368 1131 fuit
393 1073 452 1130 aut
480 1066 560 1130 haec
583 1065 708 1150 flagitia
732 1067 897 1151 concipere
923 1066 1031 1130 animo
1056 1073 1115 1130 aut
1138 1073 1304 1150 susceptae

151 1169 370 1256 philosophiae
384 1190 502 1233 nomen
517 1168 673 1235 amittere.
719 1170 805 1250 Quid
821 1169 908 1234 enim
927 1191 1059 1248 mereas,
1074 1177 1113 1235 ut
1128 1170 1304 1255 Epicureus
1317 1173 1354 1232 67

150 1294 219 1337 esse
235 1272 378 1336 desinas?
424 1270 530 1335 ‘Nihil
545 1271 697 1355 equidem
703 1273 719 1348 ’,
733 1271 850 1357 inquis,
863 1278 914 1337 ‘ut
925 1272 1084 1337 rationem
1092 1271 1179 1336 vitae
1190 1272 1304 1338 beatae

71 1452 73 1457 .
151 1375 387 1460 veritatemque
402 1374 570 1439 deseram'.
615 1375 686 1439 Ista
699 1375 801 1460 igitur
820 1385 870 1441 est
887 1375 1024 1440 veritas?
1066 1375 1153 1440 Nam
1175 1376 1215 1441 de
1237 1376 1305 1441 vita

103 1499 138 1538 ιο
151 1479 248 1543 beata
268 1478 350 1542 nihil
372 1500 526 1563 repugno,
547 1500 646 1562 quam
667 1486 705 1543 tu
726 1501 768 1544 ne
792 1478 826 1542 in
850 1479 910 1544 deo
935 1480 1068 1566 quidem
1094 1502 1163 1545 esse
1188 1502 1305 1559 censes,

150 1578 213 1643 nisi
238 1579 334 1664 plane
358 1579 423 1644 otio
452 1579 614 1665 langueat.
660 1579 726 1645 Sed
754 1580 812 1643 ubi
841 1587 891 1645 est
919 1580 1054 1645 veritas?
1098 1580 1138 1645 In
1167 1581 1304 1660 mundis,

150 1683 253 1762 credo,
265 1683 562 1762 innumerabilibus
574 1683 723 1749 omnibus
737 1683 880 1748 minimis
895 1693 1077 1770 temporum
1091 1685 1219 1770 punctis
1233 1684 1305 1750 aliis

150 1787 363 1864 nascentibus,
379 1786 450 1851 aliis
465 1787 661 1853 cadentibus.
705 1787 759 1851 An
773 1788 808 1852 in
827 1787 1001 1854 individuis
1023 1789 1215 1874 corpusculis
1235 1796 1304 1854 tam

150 1887 312 1971 praeclara
326 1909 422 1972 opera
438 1888 529 1952 nulla
547 1888 734 1953 moderante
756 1898 881 1968 natura,
901 1890 991 1955 nulla
1010 1890 1134 1955 ratione
1152 1889 1302 1976 fingenti-

102 2005 135 2066 15
150 1990 230 2055 bus?
273 1989 337 2055 Sed
352 1989 471 2054 oblitus
486 1989 688 2056 liberalitatis
702 2013 803 2072 meae,
821 2015 887 2077 qua
907 2001 1015 2058 tecum
1037 1993 1134 2079 paulo
1156 2001 1231 2057 ante
1252 1991 1304 2057 uti

150 2114 327 2178 coeperam,
352 2092 447 2177 plura
472 2092 674 2176 complector.
720 2094 902 2160 Concedam
931 2095 1032 2180 igitur
1060 2118 1100 2160 ex
1129 2095 1303 2160 individuis

150 2204 295 2260 constare
310 2195 426 2260 omnia.
472 2196 560 2276 Quid
575 2196 616 2260 ad
630 2203 718 2263 remi
740 2198 872 2263 deorum
887 2199 974 2264 enirn
994 2208 1110 2264 natura
1129 2200 1301 2286 quaeritur.

151 2296 226 2360 Sint
241 2318 317 2361 sane
332 2318 372 2361 ex
386 2297 515 2378 atomis;
539 2320 603 2362 non
618 2298 719 2383 igitur
733 2301 864 2366 aeterni.
909 2302 1003 2382 Quod
1023 2303 1110 2367 enim
1125 2325 1165 2367 ex
1179 2301 1301 2379 atomis,
1315 2304 1353 2363 68

149 2399 184 2463 id
198 2408 313 2465 natum
328 2400 500 2485 aliquando
515 2411 578 2482 est;
601 2402 629 2466 si
644 2410 767 2480 natum,
783 2404 865 2468 nulli
880 2404 933 2468 dei
953 2413 1028 2470 unte
1047 2427 1145 2491 quam
1166 2405 1247 2485 nati3
1268 2413 1302 2469 et

99 2522 137 2562 20
150 2503 177 2566 si
192 2513 280 2568 ortus
295 2511 344 2568 est
359 2503 501 2578 deorum,
516 2503 668 2597 interitus
683 2505 726 2570 sit
740 2527 867 2571 necesse
883 2514 941 2585 est,
955 2514 995 2571 ut
1008 2516 1046 2572 tu
1061 2507 1156 2592 paulo
1170 2516 1246 2572 ante
1261 2507 1301 2571 de

150 2605 292 2670 Platonis
307 2606 428 2670 mundo
450 2589 646 2691 disputabas.
696 2608 765 2674 Ubi
787 2608 888 2694 igitur
903 2609 986 2673 illud
1005 2618 1147 2674 vestrum
1169 2610 1301 2674 beatum

150 2716 183 2773 et
209 2716 385 2786 aeternum,
418 2710 536 2794 quibus
560 2710 685 2775 duobus
708 2711 813 2776 verbis
842 2712 1029 2797 significatis
1058 2713 1179 2776 deum?
1216 2711 1302 2797 quod

149 2832 223 2875 cum
246 2810 370 2876 efficere
398 2811 504 2888 vultis,
530 2811 565 2875 in
587 2812 720 2877 dumeta
749 2815 924 2899 correpitis.
968 2814 1022 2880 Ita
1050 2815 1137 2879 enirn
1166 2815 1300 2892 dicebas,

149 2935 212 2977 non
241 2935 353 2999 corpus
378 2935 447 2978 esse
470 2913 590 2992 indeo,
610 2915 667 2979 sed
690 2916 782 3000 quasi
802 2938 924 3002 corpus,
946 2939 1005 2982 nec
1026 2917 1224 3002 sanguinem,
1244 2917 1301 2983 sed

100 3032 135 3090 25
150 3027 316 3103 tamquam
332 3019 529 3104 sanguinem.

171 3123 200 3193 ss
213 3123 319 3188 XXV.
363 3124 435 3188 Hoc
448 3146 599 3210 persaepe
614 3125 726 3205 facitis,
741 3134 788 3204 ut,
803 3149 876 3191 cum
891 3126 1014 3211 aliquid
1031 3149 1096 3191 non
1114 3128 1181 3192 veri
1196 3126 1301 3193 simile
1314 3127 1352 3186 69

149 3298 184 3360 Μ,
198 3304 303 3348 curvata
320 3298 443 3360 quaedum
452 3297 504 3358 BT,
515 3313 592 3348 curua
610 3301 732 3363 quaedum
742 3305 774 3360 Η,
786 3307 811 3351 rt
824 3302 955 3364 pyramitu
966 3301 1093 3363 quaedam,
1107 3307 1212 3350 cumula
1225 3315 1300 3364 quac-

149 3382 207 3429 dum
217 3378 275 3429 Aac.
288 3383 319 3437 V,
326 3385 350 3428 ct
357 3381 489 3442 pyrumita
500 3381 629 3442 quaedam,
644 3383 767 3443 quaedum
778 3387 889 3444 curuata
904 3383 1025 3445 quaedum
1037 3380 1129 3439 Thon,
1142 3388 1166 3430 ct
1178 3383 1301 3444 quaedum

147 3463 321 3529 pyramidum,
337 3467 442 3510 curvata
459 3463 581 3523 quaedum
595 3462 685 3520 Hera,
700 3464 822 3525 quaedum
836 3468 981 3528 pyramum,
998 3464 1120 3525 precedam
1135 3470 1241 3512 curuata
1257 3468 1298 3530 V„
1385 3461 1389 3469 ⁸

149 3545 175 3587 ct
186 3545 332 3602 pyramum,
346 3545 453 3587 curuata
471 3540 593 3601 quaedam
610 3540 660 3600 Ur,
671 3542 830 3603 piramidum
846 3543 969 3603 quaedum
985 3544 1010 3600 c,
1025 3548 1162 3604 pyramum
1179 3543 1299 3604 precedam

149 3623 197 3668 RH
212 3617 279 3667 Med.
295 3618 324 3667 oi
338 3617 403 3666 Dav.
415 3618 472 3667 Oxi.
485 3623 512 3683 ψ,
527 3627 551 3668 ct
566 3621 698 3683 pirurnctu
710 3621 833 3682 quaedum
848 3620 915 3669 Gud.
928 3619 985 3670 Oxi.
1000 3634 1048 3669 eou
1059 3619 1121 3669 with
1132 3620 1211 3682 slight
1221 3636 1296 3678 verr..

148 3702 317 3761 impurumutu
328 3700 452 3760 quaedum
461 3699 533 3760 Reg„
545 3701 749 3764 appretiandum,
761 3702 882 3762 quaedum
893 3709 996 3751 curuata
1008 3708 1032 3750 et
1043 3703 1164 3763 quaedum
1175 3702 1294 3763 Ursinus,

149 3780 253 3827 arcuata
272 3779 395 3840 quaedum
416 3777 440 3825 G
461 3779 500 3828 La
522 3779 551 3828 of
570 3779 662 3837 Moser,
682 3780 738 3828 clia
758 3783 873 3839 rotunda,
892 3783 947 3830 aliu
969 3787 1052 3829 autem
1069 3783 1166 3844 purtim
1185 3784 1294 3842 burmia,

149 3864 255 3908 curvata
273 3859 396 3920 qrtucdum
412 3857 500 3919 Mars,
513 3861 569 3907 alia
584 3860 751 3921 pyramidum
770 3865 794 3908 et
813 3863 1010 3922 aepulabantur
1025 3863 1129 3910 nauata
1140 3863 1262 3923 quaedum
1272 3868 1298 3910 ct

150 3940 223 4002 quusi
235 3939 338 3986 uanam
348 3937 585 3999 Heind‚aopulutu
591 3941 675 4002 forma
684 3942 786 3988 hamato
795 3943 917 4002 quaedum
924 3941 1009 3990 Madv.
1041 3941 1119 3990 From
1131 3942 1183 3992 this
1195 3945 1297 4005 general

149 4019 213 4069 view
223 4020 252 4068 of
261 4018 306 4068 the
316 4018 436 4070 evidence
446 4022 468 4070 it
479 4035 587 4084 appears
598 4023 625 4071 to
636 4035 679 4070 me
690 4021 810 4084 probuble
822 4022 880 4073 that
891 4024 935 4073 the
946 4022 1051 4085 reading
1063 4024 1091 4072 of
1106 4024 1150 4075 the
1161 4025 1298 4088 archetype

149 4114 202 4149 was
209 4100 340 4162 piravirata
351 4107 444 4149 amata.
530 4102 561 4149 12
574 4103 677 4163 punctis
689 4101 732 4164 [B]
742 4101 800 4150 Asc.
813 4102 845 4163 U,
860 4106 954 4153 mactis
965 4102 1140 4154 ocaeano.
1228 4108 1258 4156 13
1270 4111 1299 4157 in

149 4183 267 4245 [num
281 4195 331 4233 om.
345 4181 389 4230 ΒΟ
400 4181 468 4231 Mus.
551 4183 582 4231 18
598 4183 664 4245 quod
675 4184 741 4232 enim
750 4182 792 4231 El.
804 4183 865 4245 Reg.
875 4185 958 4246 an,
973 4186 1038 4247 qrood
1049 4193 1132 4234 autem
1143 4187 1200 4237 Asc.
1215 4187 1298 4237 Thau.

149 4264 227 4312 Herv,
241 4263 319 4311 Mars.
336 4267 399 4322 H÷,
413 4263 476 4324 quid
488 4270 571 4311 autem
585 4261 658 4320 Rea,
671 4264 731 4324 quia
748 4265 814 4311 enim
828 4262 950 4325 xum,
966 4265 1215 4328 perincommode,
1230 4269 1298 4328 urcic-

149 4343 212 4405 quid
222 4341 312 4394 Lumb.
380 4343 411 4392 19
427 4344 566 4405 aliquando
578 4350 613 4393 ert
624 4341 723 4404 Iamb,
733 4344 870 4404 aliquando
879 4346 913 4393 sit
924 4358 958 4394 ns
991 4358 1031 4393 see
1040 4343 1125 4395 Madv.
1134 4348 1192 4398 Ftn.
1206 4360 1232 4409 p.
1242 4347 1296 4396 418.
