3076 4944
431 389 495 438 1111,
519 391 532 438 1
555 389 629 439 oar.
653 391 776 439 11-1111
798 373 838 461 ἓξ
861 378 998 442 25-29.
1249 383 1287 444 ll

137 542 263 619 partem
283 557 351 602 esse
372 537 542 619 miseram;
569 538 655 624 quod
670 538 740 603 fieri
755 562 820 604 non
835 547 949 625 potest.
995 541 1062 606 Cur
1075 548 1186 606 autem
1201 543 1288 627 quic·
1301 553 1341 612 28

136 659 235 720 quam
265 639 427 724 ignoraret
456 642 585 706 animus
614 641 765 720 hominis,
794 643 821 707 si
852 651 936 708 esset
965 644 1069 710 deust
1102 667 1165 730 quo
1194 646 1289 711 modo

136 761 229 823 porro
257 741 336 805 deus
365 741 435 821 iste,
462 742 490 807 si
519 743 611 820 nihil,
633 752 718 809 esset
746 744 810 808 nisi
839 746 975 823 animus,
1002 753 1059 810 aut
1087 745 1207 812 infixus
1231 756 1290 812 aut

112 840 260 906 'infusus
286 851 370 908 esset
395 844 431 909 in
457 845 599 910 mundo?
644 847 729 911 Turn
758 847 986 932 Xenophanes,
1013 849 1070 934 qui
1097 858 1207 915 mente
1232 851 1289 915 ad·

107 965 122 1024 5
130 944 247 1028 juncta
275 968 370 1011 omne
402 947 589 1033 [praeterea
614 948 700 1033 quod
730 949 828 1034 esset]
861 951 1036 1027 infinitum,
1062 951 1160 1017 deum
1184 954 1289 1018 voluit

135 1070 212 1125 esse,
227 1049 267 1113 de
289 1049 360 1135 ipsa
381 1059 492 1115 mente
514 1051 594 1116 item
617 1051 866 1137 reprehenditur
887 1047 927 1117 ut'
945 1054 1051 1133 ceteri,
1066 1055 1107 1119 de
1126 1055 1287 1122 infinitate

135 1160 245 1216 autem
269 1153 501 1233 vehementius,
525 1155 648 1240 inqua
673 1155 757 1219 nihil
781 1177 887 1241 neque
913 1157 1056 1221 sentiens
1081 1180 1187 1242 noque
1213 1181 1288 1224 con·

129 1253 283 1338 junctum
303 1265 411 1342 potest
430 1280 506 1324 esse.
551 1258 639 1323 Nam
655 1259 864 1324 Parmenides
880 1260 1009 1344 quidem
1026 1262 1286 1327 commenticium

134 1357 289 1440 quiddam
311 1382 445 1444 coronae
467 1361 572 1427 simile
594 1361 693 1427 efficit
716 1361 894 1448 (στεφάνην
918 1363 1075 1449 appellat)
1100 1365 1286 1430 continente

87 1463 245 1532 10ardorc
271 1463 351 1528 lucis
373 1464 492 1541 orbem,
515 1466 572 1548 qui
597 1466 707 1550 cingat
729 1465 861 1545 caelum,
884 1487 981 1550 quem
1003 1466 1146 1552 appellat
1167 1467 1264 1531 deum
1276 1487 1285 1546 ;

134 1567 168 1629 in
190 1589 254 1651 quo
276 1589 381 1652 neque
402 1568 542 1652 figuram¹
561 1569 706 1633 divinam
726 1591 832 1653 neque
852 1591 982 1634 sensum
997 1570 1167 1656 quisquam
1182 1571 1286 1657 suspi-

134 1669 198 1732 cari
224 1678 337 1753 potest.
382 1670 553 1756 Multaque
579 1670 724 1755 ejusdem
749 1679 900 1749 monstra,
925 1671 1045 1758 qnippe
1070 1673 1126 1757 qui
1152 1674 1284 1752 bellum,

133 1771 188 1854 qui
212 1762 409 1848 disdordiam,
426 1772 482 1856 qui
504 1772 718 1856 cupiditatem
740 1780 909 1857 ceteraque
931 1774 1058 1859 generis
1079 1775 1223 1859 ejusdem
1243 1776 1284 1841 ad

134 1874 232 1937 deum
257 1881 394 1952 revocet,
419 1896 502 1959 quae
527 1874 579 1938 vel
609 1876 722 1939 morbo
748 1874 799 1938 vel
828 1897 940 1940 somno
965 1877 1016 1941 vel
1047 1876 1207 1942 oblivione
1232 1879 1284 1943 vel

71 1985 121 2063 '15
134 1983 296 2040 vetustate
312 1975 481 2054 delentur;
506 1976 683 2061 eademque
698 1977 738 2042 de
754 1977 921 2055 sideribus,
936 2000 1018 2063 quae
1038 1980 1231 2064 reprehensa
1249 1980 1284 2045 in

134 2075 196 2139 alio
206 2076 276 2161 jam
292 2077 327 2139 in
338 2076 398 2140 hoc
410 2077 610 2143 omittantur.
655 2077 734 2142 XII.
760 2079 971 2163 Empedocles
982 2088 1092 2145 autem
1103 2082 1207 2147 multu
1221 2082 1284 2147 alia
1296 2071 1339 2154 29¹
1431 2081 1435 2087 ’

90 2241 93 2246 A
114 2198 117 2204 '
133 2201 267 2264 peccans
281 2180 316 2243 in
330 2179 463 2244 deorum
478 2180 628 2265 opinione
643 2181 829 2266 turpissime
844 2182 972 2248 labitur.
986 2171 988 2175 ὗ
1016 2183 1177 2262 Quattuor
1196 2185 1283 2249 enim

134 2292 273 2360 naturas,
298 2305 338 2347 ex
362 2283 480 2368 quibus
506 2284 614 2348 omnia
637 2293 782 2349 constare
808 2293 926 2362 censet,
950 2285 1075 2350 divinas
1101 2308 1169 2352 esse
1192 2288 1283 2367 vult3

133 2408 212 2470 quas
247 2394 282 2469 et
315 2386 401 2471 nasci
436 2393 470 2450 et
504 2385 653 2471 extingui
687 2386 892 2471 perspicuum
924 2395 974 2450 est
1003 2395 1037 2452 et
1066 2409 1161 2452 sensu
1194 2390 1283 2453 omni

58 2499 59 2502 ’
85 2522 121 2561 20
133 2509 248 2552 carere.
293 2488 364 2552 Nec
389 2510 463 2552 vero
489 2489 688 2574 Protagoras,
712 2491 769 2573 qui
795 2510 864 2552 sese
890 2497 987 2572 negat
1015 2489 1208 2554 omninode
1234 2491 1283 2556 dis

133 2590 251 2655 habere
280 2591 365 2675 quod
391 2591 523 2675 liqueat,
550 2591 625 2669 sint,
650 2613 716 2656 non
742 2591 808 2654 sint
833 2591 985 2676 qualesve
1010 2591 1085 2666 sint,
1110 2592 1282 2677 quicquam

132 2690 261 2755 videtur
281 2692 322 2756 de
345 2700 461 2757 natura
483 2693 615 2757 deorum
638 2691 800 2776 suspicari.
845 2691 955 2772 Quidt
992 2690 1203 2769 Democritus
1225 2692 1282 2776 qui

134 2807 204 2858 tum
230 2795 387 2880 imagines
413 2817 587 2880 earumque
615 2794 767 2859 circuitus
793 2793 829 2860 in
854 2795 987 2859 deorum
1013 2815 1148 2858 numero
1173 2796 1281 2876 refert,

132 2904 204 2960 tum
233 2896 322 2961 illam
352 2905 511 2974 naturam,
542 2918 625 2981 quae
654 2895 812 2981 imagines
845 2896 961 2962 fundat
993 2917 1031 2960 ac
1060 2895 1180 2975 mittat,
1208 2904 1282 2961 tum

84 3016 119 3078 25
132 2999 299 3062 scientiam
322 2998 643 3085 intellegentiamque
665 3008 818 3077 nostram,
834 3020 941 3062 nonne
963 2997 998 3062 in
1017 2998 1157 3062 maximo
1176 3020 1281 3064 errore

131 3106 298 3183 versatur?
336 3102 419 3167 Cum
448 3101 535 3166 idem
559 3101 709 3179 omnino,
732 3101 809 3188 quia
841 3101 924 3165 nihil
953 3123 1079 3187 semper
1107 3123 1165 3166 suo
1191 3109 1280 3166 statu

132 3206 272 3282 maneat,
292 3221 391 3291 neget
413 3228 481 3271 esse
504 3207 677 3291 quicquam
700 3207 941 3291 sempiternum,
965 3201 1071 3271 nonne
1094 3207 1191 3271 deum
1213 3230 1281 3273 om-

131 3310 208 3372 nino
238 3309 286 3373 ita
314 3309 409 3386 tollit,
439 3318 476 3373 ut
505 3309 630 3373 nullam
660 3309 845 3393 opinionem
875 3309 945 3394 ejus
974 3303 1132 3395 ¹reliquam
1160 3311 1281 3378 faciat!

132 3410 239 3490 Quid?
262 3417 324 3489 aer,
339 3433 403 3501 quo
419 3410 581 3495 Diogenes
596 3410 820 3495 Apolloniates
835 3411 939 3475 utitur
954 3411 1022 3488 deo,
1039 3434 1136 3496 quem
1151 3436 1280 3479 sensum

178 3586 194 3635 t
212 3587 352 3648 [praeterea
361 3584 517 3648 quodcsset]
528 3585 577 3636 Ed.
589 3600 630 3635 sce
641 3585 744 3635 comm.
843 3585 858 3634 6
874 3587 1064 3646 reprehenditur
1074 3586 1189 3646 ΕΜ,
1198 3604 1279 3652 repre.

132 3667 247 3714 tenderet
266 3668 338 3726 (corr.
359 3667 560 3728 reprehenditur)
576 3665 607 3724 B,
622 3667 843 3728 reprehenderetur
858 3664 949 3727 Atax,
965 3667 1155 3728 reprehendetur
1170 3666 1279 3719 AsaUH

131 3751 203 3807 (corr.
223 3747 462 3808 reprehenderetur),
478 3746 693 3808 reprehendendus
709 3753 746 3795 eet
762 3745 838 3793 Klotz
855 3747 921 3793 Δάτι.
943 3748 985 3795 Gr.
1003 3760 1014 3794 1
1031 3747 1056 3804 4,
1073 3745 1183 3807 perhaps
1198 3762 1278 3810 repre·

131 3828 206 3876 hendi
215 3827 292 3874 debet.
358 3827 374 3875 8
386 3827 581 3874 commenticium
587 3825 759 3885 Am.m0v÷,
769 3827 950 3874 conventicium
958 3824 1061 3892 szs.
1129 3827 1145 3877 9
1157 3828 1278 3888 stipites,

129 3906 821 3965 ainritenABOBKt·,timiiitrrdinemPU,similitudine
830 3906 991 3956 Asamov.
1040 3903 1163 3967 στεφάνην
1171 3907 1278 3967 Werfer,

129 3986 247 4047 stephane
259 3984 287 4042 0,
294 3985 390 4047 stesune
400 3983 442 4042 Al,
450 3986 564 4048 rtesunen
575 3983 616 4044 A2,
624 3985 759 4047 stephanen
767 3984 812 4031 ΕΡ
818 3984 886 4036 Mus.
953 3986 1092 4033 continente
1104 3985 1192 4034 ardore
1203 3986 1277 4044 Dan,

50 4095 52 4099 -
129 4065 295 4112 continentem
304 4065 415 4113 ardorem
425 4077 484 4125 ress,
496 4066 660 4113 continentem
671 4064 759 4112 ardore
770 4063 859 4112 Asav.
928 4062 960 4110 10
976 4064 1061 4126 cinpat
1071 4063 1183 4124 Ernesti,
1197 4065 1278 4126 cinpit

130 4156 188 4194 uss.
296 4144 328 4191 12
344 4144 453 4207 ejusdem
466 4152 576 4193 ntonstru
592 4138 649 4205 uis,
662 4143 770 4205 ejusdem
785 4143 852 4191 nwdi
863 4150 973 4193 numera
989 4148 1012 4192 11
1027 4143 1069 4193 Or.
1083 4143 1131 4194 Ba.
1146 4143 1205 4194 Soli.
1220 4144 1275 4194 Mu.

130 4224 197 4270 alter
211 4221 308 4271 Heind.
406 4223 438 4273 14
453 4231 549 4274 reuocet
566 4222 654 4285 Orelli,
672 4229 771 4273 reuocat
790 4235 846 4273 uss.
949 4224 982 4270 23
998 4225 1276 4286 earrrntquehsaffl,

130 4317 260 4366 eorumque
271 4316 320 4352 uss
331 4303 469 4367 generally.
526 4322 530 4329 ’
553 4305 585 4354 25
601 4306 732 4354 seientiam
742 4302 893 4355 Ascffltv
900 4313 932 4364 t,
945 4305 1095 4354 sententiam
1105 4305 1211 4362 ΧΒΙΗ.
