3076 4944
225 362 266 423 20
608 369 655 416 nr
677 368 817 416 uarum
840 368 992 417 unonuu.
1081 389 1086 400 ·

222 516 357 582 colimus
380 521 530 578 naturam
558 515 770 578 excellentem
793 521 892 598 atque
916 520 1141 599 praestantem.
1187 512 1253 578 Sed
1273 514 1376 578 elatus

224 617 333 683 studio
353 638 463 701 uereor
483 639 526 680 ne
547 600 670 700 longibr
691 616 815 681 fuerim.
860 603 940 680 Erat
953 623 1063 680 autem
1079 614 1207 698 difficile
1221 638 1289 680 rem
1304 625 1375 679 tan-

222 728 443 804 tamtumque
464 720 659 804 praeclaram
678 718 861 782 incohatam
875 719 1054 803 relinquere
1064 744 1073 800 3
1099 740 1296 803 quamquam
1309 741 1374 784 non
1410 716 1413 721 ⁴

165 851 168 857 ·
223 830 292 887 tam
308 821 433 886 dicendi
447 822 528 886 ratio
544 821 624 884 mihi
638 821 787 885 habenda
800 821 863 885 fuit
877 844 974 905 quam
989 822 1147 887 audiendi.

170 946 208 1005 5¹7
289 929 383 993 XXI.
429 927 514 991 Tum
530 925 628 991 Cotta
642 925 783 1001 comiter,
792 934 831 990 ut
846 925 981 990 solebat:
1005 926 1118 1010 Atqui,
1133 926 1249 1010 inquit,
1260 926 1373 1005 Vellei,
1407 941 1424 1002 5

224 1034 287 1101 uisi
301 1043 339 1099 tu
355 1031 477 1116 aliquid
493 1031 637 1108 dixisses,
651 1029 735 1093 nihil
750 1051 826 1094 sane
842 1052 881 1094 ex
900 1051 953 1093 me
971 1029 1103 1114 quidem
1123 1029 1234 1094 audire
1252 1030 1372 1115 potuis·
1435 1084 1439 1091 .

223 1158 280 1202 sea
325 1134 409 1198 Mihi
430 1132 517 1198 euim
537 1154 603 1195 non
623 1139 692 1196 tam
709 1131 802 1195 facile
819 1131 854 1195 in
878 1139 1021 1196 mentem
1039 1132 1148 1198 venire
1168 1132 1257 1211 solet,
1273 1153 1372 1215 quare

222 1256 336 1300 rerum
358 1234 401 1298 sit
423 1232 555 1318 aliquid,
579 1253 677 1316 quam
695 1253 795 1316 quare
813 1231 928 1295 falsum
935 1255 943 1309 ;
965 1230 1061 1314 idque
1082 1253 1155 1294 cum
1174 1253 1276 1316 saepe,
1291 1240 1371 1308 tum,

222 1357 296 1400 cum
312 1344 346 1400 te
361 1334 514 1411 audirem,
530 1334 626 1421 paulo
641 1341 718 1397 ante
733 1331 876 1418 contigit.
922 1333 1027 1418 Roges
1050 1355 1110 1412 me,
1128 1334 1258 1417 qualem
1275 1343 1372 1399 natu·

222 1462 290 1505 ram
321 1439 454 1504 deorum
484 1459 553 1503 esse
583 1436 708 1512 ducam,
735 1435 828 1500 nihil·
847 1437 979 1500 fortasse
1002 1437 1221 1520 respondeam.
1265 1438 1423 1517 Quae-10

222 1562 282 1620 ras,
306 1548 462 1625 putemne
484 1540 585 1603 talem
608 1560 684 1616 esse,
706 1537 810 1622 qualis
832 1537 926 1602 modo
947 1558 968 1600 a
992 1545 1026 1601 te
1048 1538 1091 1602 sit
1113 1538 1265 1622 exposita,
1288 1539 1369 1602 nihil

222 1644 328 1708 dicam
354 1642 435 1707 mihi
458 1641 560 1706 videri
589 1640 705 1714 minus
751 1639 816 1706 Sed
842 1648 918 1704 ante
941 1662 1039 1724 quam
1063 1641 1231 1725 aggrediar
1255 1643 1296 1706 ad
1322 1664 1369 1720 ea,

167 1765 205 1824 53
221 1767 304 1830 quae
319 1769 339 1810 a
352 1755 387 1810 te
403 1746 666 1831 disputatasunt,
683 1743 772 1808 dete
787 1744 855 1828 ipso
870 1743 972 1807 dicam
990 1743 1068 1828 quid
1084 1744 1229 1810 seutiam.
1266 1728 1369 1829 Saepe

222 1847 309 1912 enim
324 1848 364 1911 de
379 1846 529 1910 familiari
544 1846 599 1909 illo
614 1853 672 1909 tuo
686 1844 797 1909 videor
811 1845 946 1921 audisse,
956 1866 1030 1908 cum
1045 1852 1078 1908 te
1094 1846 1212 1930 togatis
1221 1847 1368 1910 omnibus

221 1949 290 2013 sine
305 1948 402 2013 dubio
418 1949 591 2012 anteferret
607 1955 640 2012 et
655 1969 774 2033 paucos
789 1956 896 2012 tecum
913 1947 1086 2032 Epicureos
1102 1970 1119 2013 e
1136 1948 1269 2013 Graecia
1283 1971 1366 2013 com·
1385 1976 1418 2037 15

217 2064 354 2140 pararet,
372 2054 435 2132 sed,
451 2054 536 2138 quod
552 2055 646 2119 abeo
664 2062 698 2118 te
718 2053 850 2117 mirifice
870 2053 961 2138 diligi
982 2050 1219 2138 intellegebam,
1233 2055 1367 2119 arbitra·
1418 2069 1423 2074 '

216 2157 275 2221 bar
289 2156 382 2219 illum
396 2164 527 2241 propter
545 2155 803 2220 benevolentiam
817 2155 948 2220 uberius
963 2154 996 2219 id
1011 2156 1123 2222 dicere.
1168 2157 1237 2242 Ego
1248 2165 1367 2235 autem,

217 2259 279 2323 etsi
304 2279 414 2323 vereor
443 2258 574 2322 laudare
604 2266 816 2342 praesentem,
835 2257 945 2343 judico
972 2267 1081 2322 tamen
1108 2259 1149 2323 de
1174 2282 1209 2324 re
1234 2260 1367 2325 obscura

217 2369 314 2445 atque
333 2360 454 2425 difficili
469 2383 489 2424 a
502 2368 536 2425 te
554 2360 677 2424 dictum
696 2381 764 2424 esse
783 2359 930 2438 dilucide,
946 2382 1052 2444 neque
1071 2362 1240 2426 sententiis
1263 2363 1366 2445 solum

165 2483 202 2542 59
217 2463 349 2548 copiose,
367 2462 424 2527 sed
445 2463 551 2528 verbis
573 2462 673 2527 etiam
694 2462 848 2540 omatius‚
869 2484 967 2547 quam
991 2463 1093 2528 solent
1114 2465 1220 2531 vestri.
1264 2466 1365 2530 Zeno·
1380 2488 1418 2527 20

216 2585 300 2639 nem,
325 2586 422 2650 quem
447 2563 540 2628 Philo
568 2573 677 2628 noster
704 2563 920 2649 coryphaeum
949 2562 1111 2648 appellare
1136 2563 1365 2648 Epicureorum

217 2667 347 2744 solebat,
371 2689 444 2731 cunr
465 2667 605 2731 Athenis
628 2688 739 2744 essem,
762 2665 934 2730 audiebam
963 2667 1156 2749 frequenter,
1179 2667 1365 2750 etquidem
1397 2662 1400 2667 ’

216 2767 284 2852 ipso
309 2776 439 2832 auctore
466 2768 610 2846 Philone,
635 2767 735 2842 credo,
760 2775 800 2832 ut
825 2761 950 2846 facilbrs
969 2767 1160 2852 judicarem,
1185 2790 1284 2853 quam
1308 2769 1366 2833 illa

214 2868 297 2934 bene
326 2869 555 2945 refellerentur,
586 2890 660 2933 cum
689 2890 709 2932 a
737 2868 880 2953 principe
910 2866 1139 2951 Epicureorum
1165 2869 1365 2952 accepissem,

216 2992 313 3054 quem
335 2972 376 3035 ad
398 2972 531 3035 modum
554 2972 743 3036 dicerentur.
786 2970 820 3035 N
822 2993 863 3035 on
885 2969 986 3054 igitur
1008 2958 1070 3046 ille,
1087 2979 1126 3035 ut
1140 2969 1293 3054 plerique,
1308 2971 1363 3035 sed
1378 2992 1414 3052 25

216 3071 278 3136 isto
298 3073 401 3151 modo,
416 3082 455 3137 ut
474 3061 520 3152 tu,
544 3074 704 3151 distincte,
726 3073 873 3159 graviter,
896 3079 1015 3139 ornate.
1058 3073 1123 3137 Sed
1145 3073 1231 3157 quod
1253 3074 1287 3137 in
1308 3074 1369 3140 illo,

215 3169 296 3233 mihi
320 3171 617 3257 isusmpeuenu,
633 3170 720 3234 idem
743 3169 847 3248 moda,
870 3192 944 3234 cum
965 3179 999 3234 te
1022 3171 1175 3248 audirem,
1191 3172 1363 3249 accidebat,

214 3279 253 3335 ut
271 3271 405 3336 moleste
426 3273 548 3348 ferrem·
564 3280 694 3337 tautum
716 3272 883 3357 ingenium
900 3273 996 3354 (bona
1010 3273 1105 3338 venia
1121 3295 1174 3337 me
1189 3274 1312 3356 audies)
1328 3276 1362 3338 in

163 3389 201 3448 60
216 3379 283 3436 tam
303 3373 397 3451 leves,
411 3395 453 3438 ne
474 3374 578 3439 dicam
600 3374 635 3438 in
658 3383 726 3439 tam
747 3375 874 3460 ineptas
896 3374 1072 3439 sententias
1093 3375 1249 3442 incidisse.
1292 3374 1363 3440 Nec

215 3497 273 3561 ego
295 3499 386 3550 ¹num
412 3478 480 3563 ipse
505 3478 627 3562 aliquid
651 3478 783 3542 afferam
806 3476 929 3542 melius.
978 3477 1029 3542 Ut
1053 3478 1141 3542 euim
1166 3478 1260 3542 modo
1286 3479 1362 3558 dixi,
1375 3501 1414 3557 30

214 3581 363 3645 omnibus
384 3582 450 3646 fere
472 3581 506 3645 in
529 3582 633 3659 rebus,
656 3582 711 3646 sed
733 3581 874 3645 maxime
896 3581 931 3644 in
953 3580 1101 3665 physicis,
1122 3581 1200 3667 quid
1222 3603 1287 3645 non
1309 3581 1360 3656 sit,
1410 3579 1412 3584 ’

214 3682 318 3764 citius,
343 3705 441 3768 quam
465 3683 542 3769 quid
568 3682 620 3764 sit,
645 3683 788 3750 dixerim.
841 3682 952 3750 XXIL
986 3683 1092 3767 Reges
1114 3705 1175 3761 me,
1201 3683 1278 3768 quid
1304 3692 1361 3747 aut

196 3922 198 3927 -
261 3887 383 3937 chiorc
400 3891 414 3950 ς
431 3889 463 3939 57
480 3887 575 3937 several
594 3899 644 3936 uss
660 3885 726 3937 hare
742 3888 819 3936 Liber
839 3888 967 3936 Secundae
984 3889 1085 3950 incipit.
1217 3887 1249 3936 10
1271 3890 1361 3938 dicaam

214 3967 337 4027 AB⁹PBK,
349 3971 432 4018 dicam
442 3969 498 4017 BlE
506 3968 594 4022 ÷Em.
609 3967 704 4019 Heind.
787 3970 818 4016 14
833 3969 863 4017 dc
874 3968 1064 4019 aepularer<
1076 3969 1132 4019 Oxi.
1146 3972 1173 4033 ψ,
1187 3969 1217 4017 de
1228 3970 1258 4019 L.
1273 3971 1360 4018 Crasso

214 4048 284 4098 BEU
295 4051 352 4099 Asc.
360 4062 380 4104 ÷
387 4051 446 4100 Sch.
456 4050 493 4115 (in
503 4050 639 4114 brackets).
683 4052 814 4115 familiari
825 4052 871 4101 iilo
881 4059 922 4100 tao
931 4056 949 4102 (i
957 4051 1018 4102 Red.
1027 4052 1148 4105 ÷Heind.
1158 4052 1221 4109 Mu,
1226 4052 1359 4115 familiare

213 4129 259 4177 iilo
271 4136 312 4177 tam
323 4129 451 4179 Auspex
462 4130 505 4179 Or.
514 4129 561 4180 Ba.
573 4129 641 4188 sih..
651 4130 695 4180 illo
701 4131 831 4193 familiari
842 4137 884 4180 tao
894 4130 926 4188 B,
932 4132 998 4192 sam.
1011 4138 1053 4181 tao
1063 4133 1109 4180 iiio
1120 4131 1188 4187 Asc..
1200 4131 1230 4178 de
1241 4132 1287 4179 iiio
1292 4131 1359 4192 fam.

214 4214 255 4257 tuo
272 4208 305 4257 U.
410 4211 441 4258 15
457 4217 481 4259 et
491 4211 549 4259 Asc.
561 4211 663 4271 PBH÷,
678 4209 828 4276 omisca
842 4209 883 4271 (cf.
898 4209 988 4272 5103).
1093 4211 1124 4260 17
1135 4207 1360 4258 benivolentiamX

214 4285 280 4335 Mus.
293 4286 346 4343 Mu.
441 4290 472 4340 19
483 4291 581 4352 difficili
592 4289 731 4347 ABOEBR,
743 4291 892 4351 difficillima
902 4288 1091 4341 E1.Gu÷sch.
1189 4289 1220 4335 21
1232 4290 1359 4351 κορυφαῖον

213 4366 330 4430 Ursinus,
346 4368 486 4420 Sucinson.
552 4373 584 4422 27
595 4372 722 4421 accidebat
733 4370 796 4434 [BP]
808 4369 904 4421 several
913 4369 941 4420 oi
950 4369 1042 4431 Moser,
1051 4370 1176 4419 acciderat
1186 4367 1278 4416 AOEU
1290 4367 1358 4415 Mus.
