3076 4944
242 379 283 440 10
623 393 670 440 nr
692 392 835 442 narona
857 393 1012 442 nronuu.

240 534 274 598 di
290 542 424 619 possunt
438 557 507 600 esse
522 535 591 600 sine
606 557 711 614 sensu,
727 545 869 602 mentem
885 560 941 602 cur
955 560 1058 622 atquae
1073 537 1124 623 adj
1131 537 1245 603 unxitl
1263 618 1267 623 Ι
1288 536 1392 604 Menti

239 645 345 700 aamm
366 659 424 702 car
445 660 562 722 aquam
584 637 741 724 adjannit,
757 639 784 703 si
804 640 874 725 ipsa
889 663 980 704 mens
994 648 1138 705 constare
1152 648 1259 726 potest
1277 663 1390 705 vacans

238 746 392 825 corporei
436 742 674 807 Anaximandri
702 752 814 809 autem
843 745 953 831 opinio
983 752 1032 809 est
1061 744 1188 809 nativos
1217 766 1285 809 esse
1314 743 1389 808 deos

237 845 342 929 longis
364 845 542 909 intervallis
565 845 704 910 orientes
726 847 978 932 occidentesque,
1001 869 1118 933 eosque
1139 844 1390 910 innumerabiles

238 949 474 1013 esse-mundos.
519 949 584 1014 Sed
602 971 661 1012 nos
678 939 776 1013 deum
795 949 857 1013 nisi
878 950 1111 1036 sempiternum
1130 948 1317 1032 intellegere
1332 948 1389 1032 qui
1421 962 1437 1022 5

187 1059 225 1117 26
237 1053 429 1132 possumus?
472 1050 550 1115 Post
564 1049 783 1115 Anaximenes
797 1057 872 1116 aie'ra
885 1051 984 1116 deum
1001 1051 1126 1128 statuit,
1141 1072 1280 1136 eumque
1298 1049 1390 1133 gigni

238 1171 371 1235 esseque
393 1151 591 1217 immensum
612 1161 647 1217 et
668 1152 834 1217 infinitum
854 1161 887 1218 et
902 1175 1029 1239 semper
1042 1153 1077 1218 in
1092 1161 1183 1217 motu
1194 1177 1202 1233 ;
1225 1152 1316 1237 quasi
1331 1157 1390 1214 aut
1421 1173 1422 1177 ¹

237 1260 292 1317 ae’r
306 1253 376 1317 sine
390 1253 576 1318 ullaforma
589 1253 668 1319 deus
683 1276 752 1320 esse
771 1255 881 1341 possit,
895 1278 969 1320 cum
991 1255 1180 1341 praesertim
1202 1256 1300 1320 deum
1322 1275 1388 1317 non

237 1355 332 1422 modo
351 1357 469 1444 aliqua,
486 1358 542 1422 sed
562 1358 778 1444 pulcherrima
792 1361 897 1446 specio
912 1361 1024 1425 deceat
1039 1382 1116 1439 esse,
1130 1368 1188 1424 aut
1203 1382 1267 1423 non
1281 1379 1386 1436 omne,

236 1459 321 1542 quod
336 1469 444 1524 ortum
459 1460 510 1538 sit,
525 1462 704 1527 mortalitas
720 1472 941 1549 consequatur.
984 1464 1043 1528 XL
1073 1463 1155 1527 Inde
1169 1461 1385 1545 Anaxagoras
1402 1489 1439 1526 10

183 1554 192 1565 ²
236 1562 293 1645 qui
315 1564 438 1648 accepit
460 1565 502 1628 ab
524 1565 727 1631 Anaximene
750 1566 961 1652 disciplinam,
976 1568 1099 1652 primus
1119 1567 1264 1630 omnium
1278 1585 1386 1629 rerum

236 1665 476 1751 discriptionem
492 1675 525 1732 et
539 1669 672 1733 modum
688 1669 807 1734 mentis
823 1670 972 1735 infinitae
987 1671 1019 1734 vi
1034 1693 1070 1734 ac
1085 1670 1208 1734 ratione
1224 1666 1386 1753 designari

146 1828 149 1835 .
236 1777 269 1832 et
284 1769 396 1833 confici
411 1770 514 1834 voluit
522 1793 530 1850 ;
553 1770 666 1855 inquo
681 1794 746 1835 non
758 1772 840 1836 vidit
855 1794 961 1858 neque
975 1781 1099 1837 motum
1115 1772 1224 1836 sensui
1232 1770 1386 1856 junctum

106 1866 514 2043 NetN‘qont-inentem
543 1873 579 1936 in
607 1862 739 1938 infinito*
763 1875 871 1938 ullum·
897 1897 965 1939 esse
994 1897 1095 1960 posse,
1121 1896 1227 1965 neque
1256 1894 1383 1938 sensum

235 1974 366 2053 omino
391 1975 431 2039 in'
452 1998 485 2042 eo
509 1976 591 2061 qnod
616 1999 680 2040 non
710 1977 780 2062 ipsa
805 1987 923 2042 natura
948 1979 1042 2062 pulsa
1071 1977 1213 2042 sentiret.
1257 1976 1384 2042 Deinde
1400 1992 1434 2052 15
1527 2026 1528 2029 ,

234 2082 262 2143 si
285 2079 547 2144 mentem-istam
567 2079 659 2163 quasi
681 2079 801 2143 animal
824 2079 954 2164 aliquod
968 2079 1070 2144 voluit
1091 2102 1168 2156 esse,
1185 2079 1247 2144 erit
1261 2079 1384 2164 aliquid

234 2185 379 2262 interius,
394 2207 434 2249 ex
456 2207 520 2270 quo
543 2185 624 2249 illud
646 2186 765 2250 animal
788 2187 991 2267 nominetur3
1016 2186 1095 2272 quid
1117 2195 1227 2250 autem
1250 2185 1385 2250 interius
1413 2219 1417 2233 .

183 2292 221 2351 27
235 2293 365 2352 mentel
391 2289 539 2372 cingatur
559 2289 660 2373 igitur
681 2308 810 2375 corpore
837 2299 978 2355 externo.
1024 2290 1118 2370 Quod
1140 2290 1293 2377 quoniam
1319 2313 1384 2354 non

233 2391 347 2475 placet,
366 2400 478 2475 aperta
500 2392 700 2476 simplexque
722 2414 813 2456 mens
835 2393 926 2456 nulla
947 2415 982 2457 re
1004 2393 1246 2478 mljuncta'qu‘a
1266 2390 1384 2455 sentire

232 2491 341 2576 possit,
363 2493 472 2575 fugere
499 2492 741 2577 intellegentiae
763 2503 891 2558 nostrae
912 2494 979 2558 vim
1002 2503 1036 2558 et
1057 2494 1222 2558 notionem
1245 2492 1382 2557 videtur.
1397 2511 1435 2550 20

233 2592 434 2658 Crotoniates
457 2603 568 2658 autem
591 2594 753 2674 Alcmaeo,
775 2595 832 2680 qui
856 2595 914 2660 soli
941 2604 975 2661 et
1000 2597 1097 2661 lunae
1122 2596 1319 2681 reliquisque
1341 2593 1384 2657 si-

233 2696 362 2761 deribus
384 2698 557 2782 animoque
580 2706 747 2783 praeterea
769 2699 975 2764 divinitatem
997 2699 1094 2776 dedit,
1109 2722 1175 2763 non
1195 2699 1296 2764 sensit
1314 2719 1383 2762 sese

232 2801 538 2866 mortalibus'rebus
560 2801 837 2866 immortalitatem
860 2802 944 2866 dare.
990 2801 1077 2866 Nam
1100 2801 1307 2886 Pythagoras,
1326 2798 1383 2885 qui

231 2903 356 2968 censuit
377 2904 523 2968 animum
545 2926 613 2968 esse
634 2926 693 2988 per
715 2913 864 2969 natura-m
887 2927 994 2968 rerum
1015 2926 1144 2968 omnem
1164 2904 1328 2967 intentum
1349 2909 1383 2965 et

231 2993 474 3082 commeantem,
496 3029 536 3070 ex
558 3028 622 3090 quo
644 3007 746 3070 nostri
768 3006 869 3070 animi
891 3015 1105 3090 carperentur,
1127 3027 1192 3070 non
1215 3006 1298 3070 vidit
1319 3005 1381 3070 dis·
1397 3017 1431 3075 25

231 3106 386 3170 tractione
409 3107 623 3171 humanorum
645 3108 828 3172 animorum
851 3108 989 3192 discerpi
1012 3115 1046 3171 et
1067 3107 1199 3176 lacerari
1219 3108 1322 3179 deum¹
1337 3116 1380 3186 et,

230 3230 304 3271 curn
319 3208 428 3271 miseri
446 3208 547 3271 animi
567 3218 682 3288 essent,
706 3210 791 3296 quod
818 3210 978 3295 plerisque
998 3210 1207 3294 contingeret,
1230 3218 1302 3274 tum
1329 3209 1381 3274 dei

218 3359 221 3365 ’
281 3348 295 3395 1
311 3363 392 3404 sema,
403 3354 508 3396 rientem
517 3345 576 3408 Ed,
590 3362 663 3396 sensa
674 3354 698 3397 et
710 3355 787 3397 nwrate
802 3349 898 3397 AB’OE
911 3348 991 3407 Mus,
1001 3364 1074 3398 senna
1085 3355 1110 3397 ct
1121 3330 1224 3398 amntem
1234 3348 1276 3407 13¹,
1289 3352 1346 3399 aisn
1357 3356 1382 3400 ct

231 3433 309 3476 niente
324 3426 426 3480 ΔΑΜ.
494 3441 539 3475 cnr
551 3442 633 3489 aqrrae
650 3428 704 3489 ΒΕ,
724 3443 787 3477 cara
803 3443 867 3490 qrrac
883 3428 913 3490 A,
933 3444 1041 3491 caraque
1058 3428 1126 3478 CBK.
1194 3431 1313 3492 adjunxit
1327 3443 1381 3479 om.

232 3509 301 3565 CBK.
377 3510 613 3570 Menti-adjunxit
627 3524 677 3560 om.
698 3524 767 3572 uss,
792 3511 832 3560 ior
847 3510 891 3559 the
906 3511 1025 3573 readings
1040 3510 1068 3559 of
1083 3511 1129 3560 the·
1144 3509 1200 3560 edd.
1219 3526 1261 3560 see
1279 3510 1379 3561 comm.

232 3590 263 3637 12
280 3592 467 3653 discriptionem
476 3590 572 3647 ABRN,
588 3592 794 3653 discrepationem
810 3592 858 3650 CB,
876 3594 1065 3657 descmptionem
1078 3593 1144 3646 E÷.
1209 3594 1307 3643 modam
1320 3608 1377 3654 uss,

231 3674 345 3722 rrrondnm
355 3677 387 3731 11,
402 3673 519 3721 mandam
531 3677 550 3722 1.
560 3672 627 3734 Asa,
647 3674 793 3724 metamor.
809 3674 856 3722 Ba.
873 3674 932 3724 Sch.
948 3675 1015 3724 aiter
1030 3673 1123 3736 Rigalt.
1193 3676 1320 3738 destestari
1336 3676 1378 3724 OE

231 3755 309 3816 llius,
325 3755 462 3816 dissignari
474 3754 518 3802 AB
529 3753 582 3804 Mu.
684 3755 715 3802 13
731 3757 815 3804 sema-i
828 3754 958 3806 AsavUE
971 3757 1044 3817 (corr.
1059 3756 1090 3805 ir.
1104 3759 1199 3819 sensus)
1209 3757 1239 3818 B,
1253 3774 1326 3807 sensa
1337 3759 1379 3808 AO

231 3837 299 3885 Mus.
410 3835 442 3884 14
458 3837 623 3886 continentem
634 3835 836 3896 Asacva,
851 3837 1044 3885 incontinentem
1054 3835 1177 3889 szoe.
1245 3832 1378 3899 itoUsv,

230 3932 280 3967 om.
289 3917 355 3966 ABE
363 3917 431 3969 Mus.
500 3918 531 3968 15
547 3921 610 3968 ineo
619 3917 751 3980 qrded.,
762 3933 809 3980 qao
818 3931 867 3966 uss
874 3917 925 3966 and
933 3917 989 3967 edd
1059 3918 1090 3968 17
1106 3920 1378 3982 animal[B]uAsc.÷,

230 4003 316 4048 eninm
327 4000 442 4051 AOEBK
571 4002 601 4049 18
617 4003 736 4063 cingatur
750 4000 871 4056 nm,
883 4002 995 4061 cimina
1005 3998 1155 4050 Aanomi.
1280 4002 1310 4050 19
1327 4018 1378 4064 qna

230 4080 313 4130 Bouh.
328 4081 395 4129 after
405 4080 540 4143 Angustia,
557 4097 621 4144 arrae
633 4096 690 4131 uss.
758 4091 759 4096 ’
791 4081 823 4129 20
838 4083 963 4130 notionem
976 4094 1026 4128 ass
1037 4079 1178 4142 generally,
1188 4080 1334 4130 notitionem
1348 4084 1376 4132 0.

230 4161 262 4208 24
278 4163 375 4209 cerrsreit
389 4162 461 4209 marn
477 4164 588 4210 animam
604 4162 674 4211 Bake
691 4161 757 4223 conj.
880 4161 912 4208 24
927 4176 1010 4210 renem
1025 4175 1118 4208 omnem
1131 4159 1175 4208 AB
1184 4156 1285 4216 esce.
1296 4177 1378 4211 rernm
1420 4172 1422 4176 '

229 4244 336 4291 onmium
347 4242 462 4301 cnunc,
474 4246 581 4292 amiciam
591 4247 668 4293 Tmo.
758 4244 789 4292 25
807 4251 968 4306 carperentur
979 4245 1050 4304 xsx,
1064 4249 1212 4321 caperentur
1222 4243 1376 4318 Elqjgmi.

126 4347 129 4352 ·
230 4324 392 4374 distractione
403 4337 460 4383 uss,
472 4325 624 4374 detractione
634 4325 681 4376 Ba.
696 4324 762 4374 alter
773 4324 910 4374 Ruhnken.
974 4333 976 4344 ¹
1312 4332 1315 4338 “
