3076 4944
205 369 245 428 18
493 368 495 372 '
582 381 628 428 nn
651 381 791 429 narona
814 382 967 439 nnonun.

201 526 302 589 fretus
330 524 552 610 intellegentia
578 533 697 614 vestras,
714 525 832 590 dissero
861 525 998 603 brevius,
1025 548 1122 610 quam
1152 547 1246 589 causa
1271 522 1353 588 desi·
1396 533 1397 538 ’

201 625 300 689 derat.
349 626 506 711 Epicurus
535 635 654 704 autem,
679 627 737 711 qui
762 649 813 691 res
842 628 981 692 occultas
1011 635 1044 692 et
1072 628 1202 715 penitus
1228 627 1353 691 abditas
1425 648 1428 653 ·

200 750 264 791 non
285 728 379 793 modo
399 728 516 793 viderit
537 728 653 806 animo,
674 729 729 794 sed
752 729 852 793 etiam
874 729 920 795 sic
940 737 1066 808 tractet,
1080 738 1119 794 ut
1140 752 1247 806 manu,
1261 720 1362 794 docet

200 852 272 893 eam
294 851 363 895 esse
382 831 449 894 vim
472 838 506 895 et
526 839 676 894 naturam
699 831 840 908 deorum,
862 839 901 894 ut
921 831 1063 916 primum
1084 853 1149 895 non
1171 852 1274 908 sensu,
1296 832 1352 896 sed

200 938 309 996 mente
332 940 487 1010 cernatur,
503 954 563 997 nec
584 933 746 997 soliditate
764 933 903 1016 quadam
924 955 1029 1018 neque
1049 934 1156 999 codem
1179 933 1220 996 ad
1239 954 1351 997 nume·
1387 950 1402 1008 s
1505 1012 1508 1023 Ι

199 1057 273 1099 rum
292 1036 342 1112 sit,
357 1042 396 1099 ut
415 1057 461 1111 ea,
476 1056 559 1118 quae
580 1034 635 1099 ille
650 1044 781 1119 propter
795 1035 983 1100 firmitatem
1000 1034 1174 1123 στερέμνια
1189 1035 1351 1120 appellat3

199 1136 263 1213 sed,
279 1137 474 1221 imaginibus
496 1136 709 1202 similitudine
731 1144 765 1201 et
787 1137 976 1202 transitione
997 1138 1163 1225 perceptis
1184 1160 1258 1201 cum
1280 1137 1351 1200 infi-

199 1240 269 1304 nita
294 1239 530 1304 simillimorum
559 1240 737 1325 imaginum
767 1241 864 1307 series
890 1262 931 1304 ex
955 1240 1243 1306 innumerabilibus
1267 1240 1351 1304 indi·

198 1343 305 1408 viduis
320 1344 453 1426 exsistat
475 1343 571 1408 etad
593 1366 651 1408 nos
673 1345 793 1420 affluat,
808 1367 882 1408 cum
904 1344 1053 1408 maximis
1075 1343 1295 1428 voluptatibus
1316 1343 1351 1406 in

186 1467 253 1509 eus
281 1446 437 1532 imagines
466 1454 610 1511 mentem
639 1447 800 1512 intentam
830 1447 1027 1531 infixamque
1056 1455 1209 1512 nostram¹
1223 1446 1351 1510 intelle·
1368 1469 1404 1506 10

148 1555 185 1622 50
198 1551 341 1634 gentiam
363 1573 483 1636 capere,
498 1573 580 1635 quae
603 1551 646 1615 sit
668 1560 702 1615 et
723 1552 819 1616 beata
840 1558 956 1614 natura
978 1557 1012 1614 et
1033 1558 1171 1614 aeterna.
1215 1549 1351 1614 Summa

199 1675 273 1716 vero
296 1653 344 1717 vis
370 1652 540 1716 infinitatis
564 1661 597 1717 et
620 1675 738 1737 magna
761 1676 798 1717 ac
820 1652 967 1736 diligenti
989 1651 1259 1736 contemplatione
1281 1651 1350 1735 dig-

127 1799 130 1810 .
198 1755 330 1819 nissima
351 1763 408 1832 est,
425 1755 459 1818 in
481 1777 546 1839 qua
568 1755 712 1839 intellegi
734 1777 862 1819 necesse
885 1763 934 1818 est
956 1777 1028 1818 earn
1050 1777 1118 1843 esse
1140 1744 1297 1831 naturam,
1311 1764 1351 1818 ut

198 1857 306 1920 omnia
334 1857 483 1935 omnibus
508 1857 639 1942 paribus
668 1858 758 1943 paria
787 1857 1009 1942 respondeant.
1031 1921 1032 1924 ,
1057 1852 1152 1922 Hanc
1182 1856 1349 1941 ἰσονομίαν

116 1953 119 1959 ’
197 1957 340 2042 appellat
368 1950 534 2042 Epicurus,
564 1958 598 2022 id
628 1967 678 2023 est
706 1959 908 2043 aequabilem
937 1958 1156 2023 tributionem.
1208 1958 1260 2021 Ex
1289 1958 1348 2022 hac
1366 1982 1399 2041 ¹5

196 2061 296 2145 igitur
323 2061 404 2125 illud
434 2061 577 2139 efficitur,
604 2061 631 2126 si
660 2063 845 2126 mortalium
874 2070 967 2127 tanta
995 2062 1170 2127 multitudo
1199 2062 1250 2138 sit,
1279 2083 1348 2126 esse

196 2162 427 2228 immortalium
450 2186 514 2229 non
540 2165 705 2241 minorem,
725 2172 760 2230 et
782 2165 817 2243 si,
839 2187 921 2251 quae
945 2165 1142 2245 interimant,
1164 2164 1347 2228 innumera-

196 2265 274 2331 bilia
288 2266 360 2344 sint,
376 2268 473 2332 etiam
490 2290 535 2345 ea,
551 2290 634 2353 quae
649 2275 844 2344 conservent,
859 2268 987 2332 infinita
1001 2289 1069 2333 esse
1084 2269 1209 2332 debere.

260 2369 305 2434 Et
327 2362 479 2454 quaerere
502 2393 522 2434 a
545 2371 645 2447 nobis,
669 2361 780 2461 Balbe,
803 2370 919 2448 soletis,
939 2392 1022 2455 quae
1045 2371 1114 2436 vita
1139 2371 1271 2453 deorum
1293 2371 1345 2451 sit,

145 2487 181 2544 51
196 2492 342 2555 quaeque
364 2472 406 2536 ab
426 2472 465 2535 iis
487 2471 622 2557 degatur
643 2481 740 2537 aetas
784 2473 834 2537 Ea
848 2472 1007 2550 videlicet,
1022 2494 1087 2558 qua
1106 2471 1187 2535 nihil
1209 2472 1344 2552 beatius,
1362 2497 1400 2534 20

195 2574 277 2638 nihil
305 2574 453 2640 omnibus
482 2574 574 2639 bonis
599 2575 791 2640 affluentius.
808 2575 940 2660 cogitari
968 2583 1083 2660 potest.
1136 2575 1229 2639 Nihil
1258 2577 1346 2641 enim

195 2676 270 2760 agit,
291 2677 389 2741 nullis
410 2678 670 2763 occupationibus
692 2685 742 2741 est
763 2676 955 2761 implicatus,
975 2677 1066 2740 nulla
1088 2698 1184 2761 opera
1205 2677 1344 2752 molitur,
1443 2761 1445 2767 Ι
1487 2676 1488 2679 ’

194 2799 252 2842 sua
266 2779 424 2863 sapientia
438 2787 472 2842 et
485 2779 605 2843 virtute
620 2779 748 2864 gaudet,
762 2779 862 2844 habet
876 2781 1075 2864 exploratum
1091 2780 1157 2843 fore
1173 2801 1206 2844 se
1221 2802 1346 2864 semper
1441 2790 1444 2798 ’

145 2893 181 2949 52
195 2875 269 2945 cum
292 2883 327 2945 in
353 2883 511 2959 maximis,
538 2891 609 2946 tum
634 2883 669 2946 in
695 2884 836 2948 aeternis
861 2885 1088 2968 voluptatibus,
1136 2884 1210 2950 XX.
1247 2885 1346 2948 Hunc

194 2984 290 3048 deum
319 2984 381 3048 rite
409 2984 542 3049 beatum
572 2984 758 3064 dixerimus,
779 2993 923 3050 vestrum
948 3008 1023 3051 vero
1051 2986 1342 3053 laboriosissimum.
1359 3006 1395 3065 25

195 3085 269 3148 Sive
290 3085 376 3149 enim
398 3085 466 3169 ipse
489 3085 629 3149 mundus
651 3085 730 3150 deus
750 3096 807 3163 est,
822 3087 901 3192 <prid
921 3095 1028 3172 potest
1047 3109 1116 3151 esse
1131 3086 1239 3151 minus
1252 3089 1342 3174 quie-

192 3193 264 3249 tum
293 3208 390 3270 quam
420 3186 510 3250 nullo
538 3196 659 3271 puncto
688 3189 841 3272 temporis
870 3189 1051 3255 intermisso
1076 3191 1193 3256 versari
1223 3193 1339 3257 circum

193 3289 387 3350 axem-caeli
410 3287 589 3352 admirabili
619 3288 805 3354 celeritate?
839 3291 915 3375 (nisi
944 3291 1091 3375 quietum
1120 3298 1230 3355 autem
1259 3292 1340 3356 nihil

192 3389 323 3454 beatum
346 3391 429 3473 est);
455 3390 575 3455 sivein
596 3390 666 3476 ipso
687 3392 808 3457 mundo
823 3393 902 3458 deus
919 3394 1005 3458 inest
1024 3394 1147 3479 aliquis
1163 3395 1218 3478 qui
1239 3404 1340 3479 regat,
1375 3440 1377 3450 ι

240 3573 256 3621 3
272 3572 365 3621 viderit
377 3572 450 3634 CER,
463 3573 562 3622 viderat
572 3572 635 3622 Ars
644 3572 711 3635 Asa,
725 3573 811 3623 videm
828 3573 885 3623 ΒΗ.
982 3583 1012 3624 ut
1022 3589 1098 3624 ποππ
1108 3576 1178 3624 docet
1191 3578 1209 3624 0
1220 3575 1340 3634 Man.,'ut

192 3667 267 3702 ποππ
278 3654 365 3703 doceat
377 3667 434 3715 uss,
445 3659 474 3702 ot
482 3654 609 3703 ducatum
621 3670 695 3704 mauu
706 3669 760 3704 com
770 3656 839 3705 docet
848 3670 898 3704 esre
909 3657 960 3704 vim
971 3655 1002 3714 G,
1011 3663 1040 3705 ut
1050 3671 1126 3705 mano
1133 3671 1177 3706 nos
1186 3658 1260 3705 ducat
1269 3658 1340 3706 docet

93 3749 96 3756 ·
192 3737 362 3785 eomesaevim
369 3734 465 3787 Heind.
548 3734 778 3787 &cernanturScb
827 3751 905 3799 acque
915 3737 1284 3798 cadcmoduomcrumritEd,
1294 3753 1339 3786 uec

191 3819 358 3867 οάππππνππ
365 3830 423 3876 uss,
432 3831 473 3866 see
481 3816 579 3868 Gomm.
647 3819 662 3867 6
674 3820 801 3883 στερέμνια
812 3818 862 3880 [Ρ],
870 3817 1230 3878 atercmuioABGE,storemio
1238 3819 1338 3876 Asc.÷,

105 3930 109 3936 .
191 3915 277 3960 στερεα
288 3896 321 3946 U.
438 3900 524 3950 'terrm
541 3911 712 3962 utracumque
729 3896 772 3951 Or.
785 3898 833 3948 Ba.
846 3897 1106 3958 Sch.afterWalker,
1121 3913 1176 3949 cum
1192 3901 1258 3949 caim
1272 3899 1336 3948 Dav.
1362 3937 1367 3943 .
1425 3928 1429 3933 -

191 3981 208 4026 8
223 3980 297 4027 series
309 3977 363 4028 Mu.
375 3979 440 4029 after
450 3979 553 4041 Brieger
564 3979 615 4030 and
626 3979 724 4041 Hirzel,
736 3982 829 4044 species
846 3994 901 4032 nse.
914 3981 957 4032 Or.
970 3981 1017 4031 Ba.
1030 3980 1089 4032 Sch.
1149 3977 1166 4029 9
1181 3978 1217 4027 ad
1226 3993 1270 4028 uos
1281 3978 1333 4030 Mu.

191 4059 292 4121 Lamb,
307 4061 341 4108 ad
351 4061 406 4110 deos
417 4060 538 4111 scum?
549 4060 626 4119 Mus,
638 4062 673 4110 cd
686 4075 725 4110 cos
738 4060 861 4120 GUB¹÷,
873 4077 891 4110 o
902 4062 946 4110 deo
957 4061 1028 4111 Man.
1041 4062 1084 4111 Or.
1095 4061 1150 4122 Ba,
1164 4076 1182 4110 o
1192 4062 1245 4110 deis
1259 4060 1334 4121 Dav„

192 4157 209 4190 a
225 4144 275 4191 diis
292 4143 326 4191 ad
341 4158 384 4192 ποο
395 4143 489 4194 Heind.
625 4160 680 4195 cum
690 4145 714 4195 X
725 4147 798 4208 (corr.
812 4145 844 4195 fr.
857 4152 909 4194 tom
918 4146 952 4208 B)
963 4145 1037 4196 Uim
1044 4155 1078 4204 ÷,
1091 4152 1142 4194 tum
1152 4144 1336 4198 BK÷Walken

192 4219 224 4268 10
239 4221 391 4285 &fisumque
402 4223 432 4273 A.
446 4223 486 4273 W.
499 4223 595 4287 Zumpt
607 4224 673 4287 conj.
771 4226 802 4273 11
819 4226 906 4275 beatae
917 4233 1023 4276 naturae
1034 4232 1059 4274 ct
1069 4232 1183 4274 aeternae
1196 4223 1255 4276 Βοὴ.
1267 4225 1347 4287 οοιῄ.ι

193 4299 223 4347 14
239 4301 360 4362 ἰσονομίαν
371 4303 434 4352 Red.
446 4303 479 4361 U,
491 4305 636 4354 isouomiam
647 4317 696 4354 uss
706 4305 842 4368 qeaeraltp.
972 4307 1004 4357 29
1021 4305 1095 4368 [ipso]
1113 4304 1175 4356 Sch.
