3076 4944
516 390 582 438 nra.
606 390 620 437 1
642 388 715 441 cnr.
740 388 903 436 xri-xrv
924 371 962 458 ἐξ
985 374 1120 439 29-36.
1353 372 1393 435 13

241 533 329 599 idem
352 533 424 599 vult
449 556 517 598 esse
546 534 653 610 deum,
680 532 769 597 omui
798 533 892 597 illum
920 555 1016 598 sensu
1045 531 1160 618 privat,
1188 532 1288 597 etiam
1317 553 1394 617 pru-

241 637 361 704 dentia
405 639 477 718 Quo
497 659 593 723 porro
614 637 711 702 modo
731 637 808 703 deus
826 637 949 701 moveri
969 658 1079 702 carens
1098 657 1228 721 corpore
1250 642 1307 699 aut
1329 655 1392 719 quo
1452 627 1462 650 '

240 738 337 803 modo
356 732 484 824 se'mper
503 761 537 804 se
559 761 691 803 movens
714 760 784 803 esse
803 739 933 825 quietus
954 747 989 803 et
1010 739 1125 803 beatus
1148 740 1278 823 potestl
1321 736 1445 818 Necte

240 862 316 905 vero
339 840 409 926 ejus
435 840 673 927 condiscipulus
696 840 895 905 Xenocrates
919 839 954 903 in
973 840 1034 906 hoc
1054 861 1173 925 genere
1195 838 1393 924 prudentior,

211 968 227 1028 5
242 944 333 1029 cujus
349 944 499 1022 inlibris,
515 944 666 1030 quisunt
683 943 723 1007 de
743 952 862 1007 natura
880 941 1022 1020 deorum,
1036 942 1127 1006 nulla
1145 941 1266 1025 species
1284 940 1394 1005 divina

241 1046 450 1127 describitur3
467 1046 543 1110 deos
558 1047 646 1110 enim
661 1053 732 1110 octo
748 1067 817 1110 esse
832 1045 918 1122 dicit,
935 1045 1078 1130 quinque
1093 1067 1156 1123 eos,
1172 1045 1229 1131 qui
1243 1045 1278 1109 in
1292 1044 1394 1110 stellis

240 1150 330 1234 vagis
350 1151 569 1228 nominantur,
583 1172 697 1228 unum,
712 1149 770 1236 qui
790 1171 830 1214 ex
847 1150 997 1214 omnibus
1012 1150 1179 1227 sideribus
1195 1173 1278 1237 quae
1293 1151 1394 1216 infixa

241 1252 328 1316 caelo
351 1260 437 1329 sunt,
461 1274 502 1316 ex
523 1253 674 1338 dispersis
704 1252 797 1338 quasi
825 1253 978 1318 membris
999 1254 1136 1339 simplex
1158 1255 1201 1321 sit
1229 1257 1393 1342 putandus

241 1352 329 1431 deus,
352 1354 528 1438 septimum
550 1355 650 1419 solem
672 1355 823 1441 adjungit
852 1363 1063 1440 octavamque
1091 1357 1221 1440 lunam3
1250 1360 1393 1444 quiquo

193 1486 229 1525 10
241 1479 335 1521 sensu
350 1458 439 1522 beati
451 1479 519 1522 esse
533 1457 666 1543 possint,
678 1457 824 1543 intellegi
835 1479 900 1521 non
915 1466 1029 1543 potest.
1062 1459 1112 1524 Ex
1125 1462 1238 1526 eadem
1249 1463 1394 1528 Platonis

241 1559 349 1624 schola
364 1559 522 1625 Ponticus
543 1559 731 1624 Heraclides
753 1559 931 1644 puerilibus
951 1561 1070 1626 fabulis
1089 1564 1215 1629 refersit
1231 1565 1337 1644 libros,
1359 1574 1394 1631 et

240 1661 336 1725 modo
358 1661 527 1740 mundum,
550 1669 623 1726 tum
645 1670 791 1726 mentem
813 1661 958 1727 divinam
984 1685 1053 1730 esse
1082 1675 1187 1752 putat,
1212 1669 1408 1734 errantibus.
1442 1661 1445 1669 ¹

241 1762 342 1826 etiam
361 1762 465 1826 stellis
483 1762 691 1827 divinitatem
712 1763 838 1842 tribuit,
852 1786 1013 1851 sensuque
1031 1765 1129 1832 deum
1146 1769 1254 1854 privat
1271 1778 1305 1835 et
1324 1771 1393 1858 ejus

240 1864 376 1926 formam
396 1864 591 1929 mutabilem
609 1886 679 1930 esse
700 1865 772 1930 vult
789 1865 967 1953 eodemque
986 1868 1021 1932 in
1043 1869 1125 1936 libro
1144 1893 1254 1937 rursus
1273 1881 1393 1938 terram

194 1996 227 2056 15
241 1975 276 2031 et
297 1968 424 2032 caelum
445 1969 544 2032 refert
566 1969 601 2032 in
623 1969 708 2034 deos.
751 1970 823 2035 Nec
844 1993 920 2036 vero
942 1971 1156 2057 Theophrasti
1177 1975 1393 2042 inconstantia
1404 1990 1442 2050 ³⁵

240 2071 374 2135 serenda
394 2078 462 2152 est3
494 2070 590 2136 modo
612 2072 700 2136 enim
722 2074 827 2137 menti
852 2074 1001 2139 divinum
1027 2076 1143 2143 tribuit
1166 2079 1393 2165 principatum,

240 2172 336 2237 modo
358 2172 455 2249 caelo,
477 2180 550 2237 tum
571 2181 684 2237 autem
705 2175 806 2260 signis
828 2176 1053 2263 sideribusque
1076 2179 1276 2246 caelestibus
1321 2181 1394 2246 Nec

240 2277 419 2342 audiendus
441 2278 510 2365 ejus
532 2278 660 2343 auditor
682 2279 800 2359 Strato,
823 2280 851 2344 is
873 2281 931 2366 qui
953 2282 1103 2367 physicus
1124 2284 1312 2369 appellatur,
1336 2286 1393 2372 qui

241 2404 369 2447 omnem
384 2384 451 2448 vim
474 2384 618 2448 divinam
639 2384 674 2449 in
696 2394 814 2450 natura
834 2387 931 2451 sitam
954 2409 1022 2452 esse
1044 2396 1161 2466 censet,
1177 2411 1260 2474 quae
1282 2412 1393 2455 causas

192 2521 229 2560 20
240 2488 401 2572 gignendi,
418 2487 568 2573 augendi,
587 2489 755 2553 minuendi
777 2490 904 2566 habeat,
926 2492 982 2556 sed
1004 2500 1111 2557 careat
1133 2493 1220 2556 omni
1242 2515 1336 2557 sensu
1358 2503 1392 2558 et

240 2594 351 2676 ligura
394 2591 485 2667 XIV.
515 2591 605 2656 Zeno
623 2600 742 2671 autern,
763 2602 802 2657 ut
818 2593 889 2679 jam
911 2594 952 2658 ad
973 2603 1103 2671 vestros,
1125 2597 1235 2674 Balbe,
1255 2597 1441 2677 veniamus

240 2694 420 2760 naturalem
434 2695 540 2780 legem
555 2695 699 2759 divinam
713 2718 781 2760 esse
797 2705 913 2773 censet,
924 2718 1060 2783 eamque
1071 2698 1138 2762 vim
1150 2699 1293 2765 obtinere
1305 2709 1392 2766 recta

240 2798 453 2882 imperantem
468 2797 758 2884 prohibentemque
773 2799 939 2865 contraria
983 2800 1088 2880 Quam
1104 2802 1207 2886 legem
1219 2825 1283 2888 quo
1297 2804 1392 2868 modo

240 2898 357 2963 efficiat
372 2899 581 2977 animantem,
596 2899 784 2985 intellegere
798 2922 864 2966 non
878 2923 1065 2986 possumus3
1086 2902 1182 2967 deum
1197 2912 1307 2968 autem
1322 2904 1391 2969 ani·

192 3025 227 3084 25
241 3007 384 3064 mantem
406 3009 492 3065 certe
512 3000 660 3066 volumus
681 3023 759 3066 esse.
807 3004 914 3088 Atque
930 3003 983 3068 hic
997 3003 1084 3068 idem
1098 3004 1162 3068 alio
1177 3005 1245 3069 loco
1260 3006 1391 3071 aethera

240 3093 338 3171 deuni
358 3102 444 3181 dicit,
460 3102 487 3166 si
501 3102 648 3188 intellegi
662 3112 771 3188 potest
785 3105 868 3169 nihil
882 3093 1025 3172 sentiens
1039 3106 1126 3185 dene,
1141 3107 1198 3193 qui
1212 3131 1390 3194 numquam

240 3204 333 3268 nobis
357 3204 495 3269 occurrit
523 3227 629 3290 neque
657 3205 693 3270 in
722 3206 868 3291 precibus
891 3231 996 3294 neque
1022 3208 1058 3273 in
1082 3210 1202 3294 optatis
1226 3233 1332 3297 neque
1356 3213 1389 3276 in
1415 3220 1419 3227 '

239 3306 342 3388 votis3
361 3306 434 3372 aliis
448 3315 560 3372 autem
571 3307 661 3372 libris
673 3309 833 3375 rationem
845 3311 1008 3396 quandam
1023 3334 1081 3397 per
1096 3334 1225 3378 omnem
1240 3322 1389 3380 naturam

287 3479 303 3527 2
319 3479 389 3528 niodo
399 3479 458 3528 dene
466 3481 558 3529 moveri
567 3479 620 3530 Mn.
630 3463 697 3529 aiter
706 3479 811 3542 Schttz,
822 3482 892 3530 niorto
901 3482 1006 3530 mundns
1015 3483 1107 3531 nwvert
1116 3496 1165 3532 uss
1174 3483 1310 3548 generally,
1318 3486 1389 3536 modo

238 3530 343 3610 oriundus
354 3564 446 3611 nmoert
454 3569 545 3625 potest,
554 3562 596 3611 El.
605 3562 654 3611 GU
661 3572 695 3624 ψ,
706 3564 776 3611 niodo
788 3564 880 3612 moveri
889 3561 931 3613 Or.
946 3562 992 3612 Ba.
1004 3562 1070 3612 after
1080 3563 1184 3624 Heind„
1191 3567 1262 3614 modo
1272 3567 1390 3616 mundam

238 3655 332 3690 necuere
349 3640 409 3691 Sch.
428 3641 495 3691 after
509 3641 624 3693 Ernesti.
747 3640 928 3704 lprndentior
946 3642 1087 3697 BE÷Sch
1107 3643 1173 3703 Mu..
1186 3645 1336 3707 prudentior
1352 3653 1389 3696 est

238 3720 335 3772 A²CBK
343 3723 386 3774 Or.
398 3722 445 3773 Bu.
521 3722 537 3771 5
554 3723 584 3772 de
594 3728 689 3772 rmtnrn
699 3721 1131 3786 [B]U0v÷,innnturoh(tEPBK.
1196 3725 1211 3776 7
1227 3727 1390 3776 nominamur

238 3818 296 3864 uss,
307 3812 435 3856 nroveutur
445 3802 513 3867 conj.
527 3804 551 3854 J.
567 3803 592 3854 S.
607 3803 679 3855 Reid.
780 3805 796 3854 8
812 3805 881 3853 caelo
891 3811 950 3853 enm
961 3805 983 3853 E
995 3806 1053 3856 Asc.
1063 3816 1098 3863 ÷,
1109 3805 1179 3855 caelo
1189 3806 1242 3855 rint
1253 3819 1303 3855 ress
1313 3821 1388 3868 gene·

237 3886 311 3948 rally.
453 3885 483 3932 11
507 3891 532 3934 et
548 3885 619 3934 modo
636 3885 754 3934 mundum
770 3883 848 3935 Herv.
872 3882 931 3934 Sch.
952 3884 1019 3944 Mu„
1038 3894 1063 3935 et
1081 3892 1164 3935 tamen
1181 3887 1251 3936 modo
1270 3889 1388 3938 mundum

237 3969 387 4027 enom,
400 3975 424 4018 et
435 3974 487 4016 tum
496 3968 567 4016 modo
578 3967 695 4017 mundum
705 3966 788 4044 ΕΙᾙ,
799 3966 883 4016 EBGV
888 3976 908 4019 ÷
917 4003 923 4024 ,
932 3973 957 4016 et
968 3975 1020 4016 tam
1030 3969 1149 4016 mrrndum
1160 3967 1189 4017 Μ
1199 3966 1227 4017 of
1238 3967 1330 4030 Moser,
1341 3967 1383 4023 Or.

237 4047 296 4109 Ba,
309 4055 334 4096 et
344 4048 417 4097 muru
430 4046 501 4096 modo
514 4047 632 4096 mnndum
646 4046 721 4107 Dan,
735 4045 805 4094 niodo
820 4046 938 4094 macedum
952 4047 1024 4095 deum
1033 4044 1145 4107 Walker,
1160 4048 1219 4096 dnm
1232 4046 1302 4095 neoda
1317 4063 1387 4098 mnn-

238 4131 297 4178 dum
306 4104 401 4178 lleind.
468 4128 502 4176 20
516 4128 646 4176 minuendi
657 4126 762 4186 XBK÷,
774 4126 904 4174 minuendi
914 4127 1064 4176 immittendi
1078 4125 1131 4188 El,
1150 4128 1211 4178 min.
1225 4127 1388 4177 immittendi·

238 4225 286 4274 que
300 4211 358 4264 Asc.
377 4214 439 4271 Ἠ,
460 4211 522 4260 min.
535 4211 735 4272 immolandique
752 4208 830 4258 Herv.
851 4206 915 4259 Dav.
935 4206 1030 4258 Heind.
1130 4209 1345 4272 capraemontem
1362 4210 1386 4260 E

239 4293 299 4344 Sch.
400 4293 431 4340 28
447 4306 540 4341 omnem
551 4292 575 4341 G
586 4290 648 4341 Red.
660 4291 749 4350 Aacv,
760 4290 868 4339 omnium
880 4303 930 4339 uss
941 4288 1079 4353 generally,
1093 4301 1135 4339 see
1145 4292 1158 4354 5
1170 4293 1210 4344 27.
