3076 4944
241 380 282 444 26
627 393 673 442 mr
695 394 836 442 narum
858 395 1010 446 nsouuu.

239 538 332 603 video
354 560 497 624 pugnare
519 545 562 618 te,
585 538 705 623 species
727 546 766 603 ut
787 539 945 624 quaedam
968 540 1011 605 sit
1036 540 1179 621 deorum,
1204 563 1286 627 quae
1311 542 1394 606 nihil

239 642 379 706 concreti
408 640 534 718 habeat,
565 640 648 704 nihil
677 640 779 718 solidi,
808 641 891 704 nihil
919 642 1069 726 expressi,
1098 642 1181 707 nihil
1210 644 1393 724 eminentie,

239 743 344 827 sitque
374 764 463 827 pura,
491 741 579 821 levia,
608 741 781 826 perlucida.
825 742 979 807 Dicemus
1002 743 1102 828 igit-ur
1124 745 1222 830 idern,
1248 746 1334 830 quod
1358 747 1394 810 in

240 847 364 911 Venere
380 846 459 911 Coa:
482 867 595 930 corpus
609 844 692 909 illud
710 867 775 909 non
797 854 856 924 est,
878 845 935 910 sed
957 846 1061 912 simile
1088 848 1233 933 corporis,
1257 871 1316 913 nec
1338 849 1393 913 ille

238 950 329 1013 fusus
344 955 378 1013 et
393 947 527 1013 candore
542 947 665 1011 mixtus
679 947 776 1011 rubor
790 948 921 1033 sanguis
939 957 997 1027 est,
1011 949 1067 1014 sed
1086 950 1245 1035 quaedam
1266 953 1393 1037 sangui·
1428 972 1443 1031 5

238 1052 289 1117 nis
308 1050 499 1130 similitud03
520 1050 565 1114 sic
587 1049 623 1113 in
648 1049 806 1134 Epicureo
831 1050 891 1114 deo
915 1072 979 1115 non
1004 1072 1064 1129 res,
1089 1051 1146 1116 sed
1167 1053 1394 1118 similitudines

238 1177 345 1220 rerum
361 1177 437 1221 esse.
481 1154 545 1218 Fac
559 1151 603 1231 id,
617 1154 704 1238 quod
718 1175 760 1218 ne
775 1153 923 1239 intellegi
945 1155 1076 1239 quidem
1096 1164 1213 1241 potest,
1229 1158 1310 1221 mihi
1326 1181 1394 1223 esse

238 1278 444 1341 persuasum
478 1256 555 1322 cedo
580 1255 664 1320 mihi
688 1255 823 1321 istorum
853 1257 1117 1322 adumbratorum
1142 1259 1275 1324 deorum
1300 1261 1394 1324 linia-

238 1367 349 1424 menta
363 1368 460 1444 atque
475 1360 600 1423 formas.

187 1477 226 1536 '76
304 1462 380 1527 Non
402 1462 492 1526 deest
513 1462 573 1526 hoc
594 1461 663 1526 loco
685 1460 778 1547 copia
802 1461 974 1540 rationum,
1002 1461 1119 1547 quibus
1149 1463 1261 1529 docere
1286 1465 1393 1529 velitis
1409 1487 1445 1525 10

239 1564 397 1629 humanas
411 1586 481 1630 esse
496 1565 613 1628 formas
627 1563 773 1642 deorum;
795 1564 1038 1648 primumquod
1055 1565 1103 1628 ita
1119 1565 1162 1630 sit
1183 1565 1393 1630 informatum

238 1667 515 1751 anticipatumque
527 1665 692 1730 mentibus
701 1666 833 1741 nostrie,
846 1673 885 1730 ut
898 1664 1031 1746 homini,
1046 1688 1120 1730 cum
1135 1666 1175 1731 de
1190 1668 1250 1732 deo
1265 1669 1392 1753 cogitet,

191 1791 194 1796 ·
238 1770 340 1833 forma
358 1775 501 1833 occurrat
522 1767 678 1848 humana;
699 1767 816 1832 deinde
839 1767 1106 1853 quodquoniam
1128 1769 1224 1834 rebus
1243 1772 1393 1837 omnibus

239 1871 375 1935 excellat
393 1878 509 1934 natura
527 1869 645 1943 divina,
666 1871 767 1934 forma
788 1892 916 1955 quoque
938 1893 1006 1935 esse
1031 1871 1246 1957 pulcherrima
1268 1873 1392 1950 debeat,

239 1997 299 2040 nec
313 1996 381 2039 esso
401 1974 544 2037 humana
562 1972 663 2037 ullam
681 1971 911 2057 pulchriorem3
935 1972 1065 2037 tertiam
1084 1973 1242 2038 rationem
1261 1975 1389 2052 affertis,
1408 1997 1441 2058 15

134 2066 135 2070 ¹
188 2096 226 2155 77
240 2077 325 2161 quod
340 2076 429 2142 nulla
443 2076 507 2140 alia
525 2075 628 2160 figura
647 2074 846 2139 domicilium
867 2075 985 2140 mentis
1006 2097 1074 2140 esse
1095 2077 1202 2159 possit.
1246 2077 1391 2142 Primum
1416 2063 1417 2067 Ἰ

239 2179 340 2265 igitur
354 2177 491 2263 quicque
507 2176 671 2241 considera
685 2177 779 2262 quale
795 2177 851 2257 sit;
874 2176 1012 2262 arripere
1033 2176 1121 2240 euim
1136 2177 1217 2241 mihi
1236 2177 1391 2242 videmini

239 2281 331 2367 quasi
352 2290 457 2345 vestro
475 2279 549 2365 jure
574 2301 643 2344 rem
668 2279 758 2344 nullo
783 2279 878 2344 modo
903 2277 1108 2363 probabilem.
1156 2279 1296 2344 Omnino
1319 2281 1391 2366 quis

238 2393 307 2449 tam
322 2405 433 2448 caecus
447 2383 482 2447 in
497 2382 750 2467 contemplandis
764 2382 860 2447 rebus
874 2404 1029 2468 umquam
1044 2382 1114 2460 fuit,
1129 2391 1168 2447 ut
1187 2407 1252 2448 non
1266 2385 1391 2449 videret

238 2487 360 2572 species
373 2486 452 2552 istas
466 2485 636 2551 hominum
651 2486 782 2550 collatas
796 2485 831 2550 in
846 2485 921 2550 deos
936 2494 994 2550 aut
1008 2486 1137 2550 oonsilio
1153 2488 1293 2572 quodam
1308 2489 1389 2574 sapi·
1405 2516 1443 2554 20

238 2589 372 2666 entium,
388 2611 453 2674 quo
473 2588 599 2653 facilius
619 2587 744 2653 animos
764 2587 987 2673 imperitorum
1008 2587 1050 2652 ad
1072 2587 1204 2653 deorum
1226 2590 1349 2655 cultum
1371 2614 1391 2656 a

238 2693 324 2756 vitae
339 2692 496 2777 pravitate
516 2698 746 2765 converterent,
770 2699 828 2755 aut
849 2690 1083 2776 superstitione,
1104 2700 1142 2755 ut
1164 2702 1271 2758 esseut
1291 2694 1391 2758 simu-

237 2793 331 2872 lacra,
345 2817 428 2880 quae
443 2802 632 2858 venerantes
647 2793 723 2857 deos
736 2793 822 2878 ipsos
836 2814 870 2857 se
889 2793 977 2857 adire
993 2792 1177 2860 crederent?
1219 2794 1390 2860 Auxerunt

238 2905 348 2961 autem
376 2897 456 2960 haec
485 2896 598 2960 eadem
623 2902 748 2978 poetae,
773 2895 919 2979 pictores,
944 2895 1092 2979 opifices3
1123 2897 1302 2961 eratenim
1325 2920 1390 2961 non

238 3000 330 3064 facile
352 3007 484 3084 agentes
506 2996 629 3083 aliquid
649 3006 683 3062 et
705 2997 874 3061 molientes
898 2997 974 3060 deos
996 2997 1032 3059 in
1058 2998 1192 3062 aliarum
1216 2998 1388 3063 formarum
1405 3018 1439 3079 25

237 3100 418 3164 imitatione
442 3120 575 3162 servare.
622 3098 765 3162 Accessit
794 3096 893 3161 etiam
916 3097 980 3160 ista
1005 3097 1112 3181 opinio
1135 3098 1276 3174 fortasse,
1303 3102 1389 3183 quod

238 3204 361 3268 homini
382 3201 511 3266 homine
530 3199 694 3286 pulchrius
713 3199 796 3263 nihil
810 3198 966 3264 videatur.
1011 3199 1077 3263 Sed
1099 3205 1136 3262 tu
1159 3199 1228 3277 hoc,
1250 3200 1387 3284 physice,

238 3329 303 3370 non
317 3305 416 3382 vides,
432 3325 529 3388 quam
544 3302 662 3366 blanda
673 3299 880 3382 ¹conciliatrix
896 3308 929 3364 et
944 3299 1036 3384 quasi
1051 3299 1102 3363 sui
1115 3300 1158 3363 sit
1168 3300 1242 3364 lena
1256 3307 1390 3367 natura?

238 3408 293 3472 An
306 3416 402 3493 putas
416 3406 517 3470 ullam
532 3426 600 3470 esse
615 3411 700 3468 terra
714 3402 860 3486 marique
875 3401 1014 3477 beluam,
1026 3423 1109 3486 quae
1124 3424 1189 3465 non
1204 3403 1253 3466 sui
1264 3404 1389 3488 generis

236 3512 334 3595 belua
347 3509 487 3574 maxime
502 3507 695 3576 delectetur?
733 3505 833 3587 *Quod
853 3505 889 3569 ni
908 3505 956 3569 ita
977 3513 1070 3586 esset,
1093 3527 1150 3570 cur
1170 3527 1236 3570 non
1257 3507 1389 3591 gestiret
1403 3539 1441 3594 30

287 3693 303 3743 6
318 3690 464 3752 ransev,
478 3702 587 3739 remorsa
599 3687 642 3737 Or.
653 3687 701 3736 Ba.
816 3686 846 3735 11
862 3687 1050 3736 ait-mentibus
1061 3700 1113 3735 om.
1124 3691 1152 3735 B.
1228 3688 1389 3750 inscrutatum

237 3775 302 3838 X÷,
320 3776 350 3823 ta
360 3776 444 3837 scruta
461 3772 559 3821 morum
574 3769 633 3818 Aac.
649 3767 705 3818 VU.
822 3768 853 3816 12
870 3768 1083 3830 anticipatumque
1099 3771 1203 3829 111101,
1218 3770 1389 3830 anticipatum

238 3868 287 3904 usa
297 3853 433 3916 generally,
447 3865 499 3900 orn.
511 3850 555 3900 Or.
566 3850 614 3898 Ba.
674 3850 704 3898 de
715 3849 758 3897 deo
769 3846 794 3896 X
804 3847 881 3909 Mus,
895 3849 966 3896 mam
976 3847 1034 3897 Asc.
1046 3847 1088 3896 El.
1100 3847 1190 3900 Uda
1281 3849 1311 3896 13
1323 3851 1389 3910 qaod

238 3938 356 4000 quautam
376 3933 488 3992 waher,
511 3933 628 3994 quoniam
649 3931 715 3992 qaod
735 3933 765 3990 N,
790 3930 856 3990 quod
880 3927 952 3990 ner,
979 3934 1009 3977 ut
1035 3929 1153 3990 quoniam
1178 3941 1226 3976 nse
1249 3929 1387 3990 generally.

240 4018 271 4067 16
288 4015 463 4080 qiud-poerit
477 4013 530 4078 [B]‚
541 4013 623 4075 poerit
634 4012 699 4073 qaod
712 4008 886 4061 acuum.
952 4009 1024 4057 nulla
1034 4008 1090 4056 alia
1101 4021 1150 4056 ress
1165 4007 1302 4069 generally,
1315 4004 1388 4057 nulla

237 4099 268 4146 iu
284 4097 339 4146 clia
354 4094 419 4148 B4.
527 4093 558 4144 17
575 4088 767 4154 quteqoe[B]11,
780 4088 903 4150 quicquid
919 4100 967 4135 uss
983 4086 1120 4147 generally.
1193 4088 1321 4135 considera
1331 4087 1384 4149 BE,

238 4175 377 4224 concideres
393 4171 436 4221 hc
453 4172 530 4233 Mus,
549 4172 726 4220 remitteremus
741 4173 760 4218 1
775 4167 860 4216 Klotz.
958 4168 989 4215 18
1005 4167 1102 4215 omnino
1118 4164 1185 4226 edd,
1205 4167 1312 4215 omnium
1328 4180 1384 4229 nes,

237 4257 328 4304 etenim
338 4253 433 4304 Heind.
544 4251 577 4301 27
592 4251 709 4299 videatur
719 4261 767 4296 rrae
778 4262 819 4296 see
830 4247 939 4307 comm,
952 4248 1052 4295 viderur
1063 4245 1106 4294 Or.
1117 4246 1173 4306 Ba,
1185 4246 1317 4294 videbatur
1328 4245 1386 4296 Sch.

238 4335 294 4388 Mu.
391 4335 424 4383 28
439 4333 513 4396 quasi
523 4333 564 4381 aui
574 4331 589 4380 I
599 4330 627 4381 of
637 4330 739 4393 Moser;
755 4334 829 4392 quam
839 4329 880 4378 eei
891 4340 939 4377 nse
950 4325 1035 4386 Klotz,
1047 4341 1121 4390 quam
1131 4327 1242 4376 sollicita
1251 4327 1291 4375 aui
1301 4331 1332 4378 v.
