3076 4944
395 387 460 438 nra.
483 389 497 436 1
519 387 594 435 cnr.
618 387 788 434 xrv—xvr
811 370 851 456 ξς
873 374 1011 438 36—42.
1239 375 1279 436 15

124 529 290 618 interpres,
306 553 457 617 magnam
478 530 608 594 turbam
627 537 800 615 congregat
819 529 1003 614 ignotorum
1024 529 1165 608 deorum,
1180 540 1279 618 atque

124 631 173 696 ita
191 633 382 718 ignotorum,
397 641 436 698 ut
456 653 564 697 eosne
579 632 763 717 conjectura
777 631 909 716 quidem
924 633 1095 698 informare
1109 634 1278 723 possimus,

124 757 198 798 curn
221 757 312 800 mens
332 745 442 800 nostra
460 734 588 819 quidvis
609 735 758 799 videatur
776 734 1081 822 cogitationeposse
1096 726 1300 823 depingere.'

124 836 184 901 Ait
198 837 286 902 enim
306 838 373 902 vim
393 837 536 902 divinam
558 838 593 900 in
614 837 738 902 ratione
760 859 828 902 esse
851 839 990 922 positam
1010 847 1044 904 et
1061 839 1096 904 in
1110 840 1279 906 universae

94 950 259 1008 inaturae
284 941 392 1005 animo
417 951 516 1025 atque
541 949 659 1018 mente,
685 941 857 1025 ipsumque
886 941 1046 1018 mundum
1072 942 1169 1007 deum
1200 944 1280 1009 dicit

83 1092 88 1097 .
125 1062 193 1105 esse
213 1049 247 1106 et
266 1041 337 1126 ejus
356 1042 457 1105 animi
476 1041 634 1105 fusionem
654 1040 846 1119 universam,
860 1049 932 1134 tum
952 1041 1022 1127 ejus
1041 1041 1142 1126 ipsius
1161 1043 1279 1128 princi-

125 1154 249 1230 patum,
265 1145 368 1230 quiin
391 1154 500 1210 mente
522 1152 556 1209 et
576 1144 699 1208 ratione
714 1154 868 1222 versetur,
882 1167 1149 1231 communemque
1170 1170 1278 1213 rerum

94 1235 97 1239 ⁴
124 1257 273 1312 naturam
288 1249 596 1332 universitatemque
611 1247 720 1311 omnia
733 1246 963 1325 continentem,
979 1257 1050 1313 tum
1065 1250 1196 1315 fatalem
1211 1253 1277 1316 vim

125 1359 159 1416 et
174 1353 397 1417 necessitatem
411 1373 518 1416 rerum
532 1352 722 1428 futurarum,
732 1350 843 1436 iguem
858 1360 1023 1436 praeterea
1037 1361 1071 1418 et
1086 1376 1278 1439 eum,que1n

76 1475 113 1514 ro
125 1462 201 1518 ante
216 1452 292 1530 dixi,
308 1452 447 1530 aethera,
462 1462 533 1516 tum
548 1474 594 1529 ea,
606 1474 688 1536 quae
704 1461 820 1516 natura
833 1453 972 1517 fluerent
985 1461 1083 1538 atque
1098 1466 1277 1537 manarent,

124 1566 163 1623 ut
185 1566 219 1623 et
241 1581 358 1642 aquam
380 1566 414 1623 et
433 1566 552 1622 terram
570 1566 603 1622 et
624 1564 718 1636 ae'ra3
741 1557 849 1635 solem,
868 1559 987 1637 lunam,
1003 1560 1107 1625 sidera
1121 1561 1277 1626 universi·

124 1667 290 1745 tatemqne
307 1683 423 1738 rerum,
439 1683 504 1745 qua
518 1660 626 1725 omnia
640 1660 888 1740 continerentur,
903 1671 1002 1747 atque
1018 1664 1117 1730 etiam
1131 1664 1278 1729 homines

125 1785 186 1841 eos,
212 1764 269 1848 qui
297 1763 574 1838 immortalitatem
604 1772 710 1828 essent
737 1765 907 1833 consecuti.
952 1766 1108 1853 Idemque
1134 1769 1278 1855 disputat
1289 1774 1328 1834 40

124 1866 255 1932 aethera
280 1887 347 1930 esse
374 1887 457 1942 eum,
482 1886 579 1949 quem
610 1865 756 1931 homines
780 1867 803 1932 J
806 1889 898 1932 ovem
924 1869 1131 1954 appellarent,
1157 1872 1278 1957 quique

77 1998 111 2058 15
125 1975 180 2034 aer
201 1991 258 2054 per
282 1968 385 2032 maria
409 1976 562 2044 manaret,
585 1990 661 2032 eum
686 1991 755 2034 csse
777 1967 978 2055 Neptunum,
1000 1981 1181 2058 terramque
1205 1998 1277 2040 earn

125 2060 299 2157 esses-quite
321 2071 419 2136 Ceres
441 2071 608 2148 diceretur,
631 2071 792 2156 similique
814 2075 938 2138 ratione
960 2077 1165 2163 persequitur
1185 2101 1277 2144 voca-

70 2256 72 2261 ·
124 2177 202 2242 bula
222 2176 417 2260 reliquorum
440 2175 581 2249 deorum.
625 2176 783 2261 Idemque
808 2178 909 2242 etiam
935 2178 1015 2264 legis
1040 2191 1216 2267 perpetuae
1243 2192 1277 2247 ot

125 2287 274 2343 aeternae
293 2271 368 2354 vim,
384 2299 466 2361 quae
486 2275 578 2361 quasi
600 2276 665 2341 dux
686 2278 771 2342 vitae
793 2288 829 2344 et
850 2279 1004 2364 magistra
1026 2283 1200 2348 officiorum
1223 2284 1276 2358 sit,

125 2382 241 2447 Jovem
267 2379 346 2444 dicit
368 2401 444 2456 esse,
475 2379 676 2465 eandemque
705 2381 838 2446 fatalem
867 2383 1093 2450 necessitatem
1122 2387 1275 2471 appellat,

75 2510 113 2549 20
125 2483 354 2568 sempiternam
380 2504 487 2547 rerum
513 2484 694 2548 futurarum
720 2486 910 2567 veritatem3
939 2510 1077 2572 quorum
1102 2490 1185 2555 nihil
1210 2494 1276 2557 tale

125 2595 182 2664 est,
209 2594 248 2650 ut
270 2586 304 2650 in
326 2607 364 2650 eo
383 2586 432 2650 vis
454 2586 564 2650 divina
585 2587 689 2652 inesse
710 2588 866 2654 videatur.
920 2591 965 2655 Et
986 2591 1066 2657 haec
1086 2594 1218 2677 quidem
1241 2596 1274 2658 in
1289 2604 1327 2662 41

125 2690 228 2773 primo
248 2687 329 2752 libro
348 2687 389 2752 de
408 2697 525 2752 natura
545 2687 696 2768 deorum3
721 2689 756 2752 in
776 2690 916 2755 secundo
930 2700 1041 2757 autern
1055 2693 1127 2758 vult
1143 2694 1276 2780 Orphei,

125 2794 258 2872 Musaei,
272 2794 409 2858 Hesiodi
431 2794 630 2878 Homerique
652 2794 787 2859 fabellas
808 2798 1048 2862 accommodare
1069 2798 1110 2862 ad
1132 2785 1178 2876 ea,
1193 2821 1276 2884 quae

124 2899 192 2983 ipse
211 2897 314 2983 primo
332 2896 412 2961 libro
427 2896 467 2960 de
482 2895 532 2960 dis
546 2896 782 2965 immortalibus
796 2898 930 2975 dixerat,
947 2908 985 2964 ut
1000 2899 1098 2964 etiam
1113 2902 1276 2966 veterrimi

44 3063 46 3066 ,
75 3032 110 3091 25
124 3007 245 3086 poetae,
268 2999 325 3084 qui
351 2998 429 3062 haec
454 3020 495 3061 ne
519 2999 671 3082 suspicati
693 3001 826 3084 quidem
848 3000 922 3079 sint,
946 3002 1045 3068 Stoici
1067 3002 1165 3067 fuisse
1187 3005 1277 3070 vido-

116 3113 227 3168 antur.
272 3102 378 3182 Quem
393 3100 555 3186 Diogenes
570 3101 767 3186 Babylonius
786 3125 983 3189 consequens
1002 3106 1036 3169 in
1057 3129 1095 3171 eo
1115 3107 1204 3185 libro,
1219 3109 1277 3192 qui

122 3204 307 3270 inscribitur
335 3203 376 3267 de
405 3202 560 3284 Minerva,
589 3212 719 3288 parturn
748 3204 840 3271 Jovis
872 3217 1043 3293 ortumque
1072 3209 1206 3295 virginis
1234 3211 1275 3274 ad

123 3305 354 3391 physiologiam
369 3303 540 3368 traducens
554 3304 711 3389 disjungit
725 3329 745 3370 a
759 3307 876 3374 fabula

188 3408 278 3474 XVI.
320 3405 465 3490 Exposui
489 3404 556 3470 fere
581 3428 646 3470 non
671 3407 933 3493 philosophorum
958 3411 1089 3497 judicia,
1115 3414 1171 3478 sed
1197 3413 1275 3478 deli·
1288 3421 1327 3480 42

72 3511 265 3598 30rantium
291 3509 423 3575 somnia
468 3509 539 3573 Nec
565 3511 653 3574 enim
679 3511 783 3575 multo
809 3514 995 3579 absurdiora
1019 3525 1096 3580 sunt
1121 3540 1167 3594 ca,
1193 3541 1276 3603 quae

122 3606 290 3697 poetarum
309 3611 442 3676 vocibus
461 3612 533 3674 fusa
552 3611 622 3695 ipsa
641 3612 801 3677 suavitate
823 3625 1011 3693 nocuerunt,
1025 3618 1082 3701 qui
1104 3627 1138 3682 et
1158 3619 1206 3683 ira
1228 3620 1277 3683 in-

122 3714 302 3776 flammatos
319 3719 353 3775 et
372 3710 508 3775 libidine
527 3712 673 3776 furentes
687 3712 887 3779 induxerunt
908 3716 984 3780 deos
1005 3718 1222 3804 feceruntque,
1238 3728 1276 3784 ut

123 3838 232 3880 eorum
253 3813 345 3890 bella,
360 3812 487 3898 proelia,
503 3835 637 3898 pugnas,
652 3813 786 3878 vulnera
800 3814 990 3893 videremus,
1005 3818 1079 3881 odia
1099 3829 1273 3904 praeterea,

171 3979 187 4026 8
203 3977 440 4038 arriversitatemque
451 3974 508 4025 edd.
527 3971 595 4024 after
607 3973 713 4032 Herna.
727 3977 870 4025 universam
881 3984 956 4039 atque
968 3990 1024 4027 uss.
1093 3980 1144 4028 viva
1154 3979 1195 4029 El.
1211 3980 1270 4031 Sch.

122 4055 185 4118 Mu,
198 4057 310 4105 umbram
321 4069 370 4103 uss
381 4069 424 4104 see
435 4056 544 4112 Comm„
555 4054 686 4109 †umbrom
698 4054 749 4116 0r.,
761 4070 871 4104 normam
881 4057 928 4104 Ba.
938 4056 1003 4105 aner
1014 4055 1099 4108 Madv.
1167 4060 1198 4109 19
1214 4075 1271 4108 eou-

122 4139 224 4200 demque
236 4151 278 4186 see
289 4137 391 4186 Oomm.
488 4137 520 4184 24
537 4138 638 4186 dixerat
649 4136 730 4184 UTLO
738 4135 905 4185 ErnHeind.
916 4136 976 4187 Sch.
985 4137 1032 4185 Ba.
1041 4128 1107 4196 Mu,
1117 4139 1210 4188 dixerit
1221 4154 1270 4187 uss

121 4218 249 4281 generally
262 4218 305 4267 Or.
393 4217 424 4266 25
440 4218 492 4267 sint
510 4217 730 4274 uss,sunt010r.
742 4216 787 4267 Ba.
803 4216 862 4270 Seh.
876 4218 943 4266 alter
953 4217 1015 4268 Em.
1092 4220 1124 4271 27
1136 4226 1270 4282 portona-

121 4306 248 4362 ortumqae
265 4298 374 4362 [BE÷]‚
386 4305 602 4361 partu-ortuque
619 4297 765 4349 noma
863 4300 894 4347 28
911 4300 1034 4360 disjunpit
1044 4299 1102 4351 Asc.
1116 4306 1144 4361 V,
1157 4303 1270 4366 dejurptt

76 4439 79 4442 ,
121 4393 170 4429 uss
181 4379 309 4442 generally
320 4379 363 4430 Or.
376 4379 423 4429 Ba.
435 4377 504 4438 och..
515 4380 627 4443 dijunpit
639 4378 692 4428 Mu.
705 4378 770 4428 alter
781 4377 875 4430 Heiud.
888 4379 939 4429 and
951 4379 1015 4429 Em.
