3076 4944
395 426 459 474 1111.
482 423 592 473 1011.
617 422 806 470 xx-xxur
829 406 869 492 ἓξ
892 409 1026 475 56-63.
1247 410 1286 471 21

139 571 233 656 quale
254 569 297 634 sit
316 567 404 645 deus,
421 576 550 632 auctore
567 574 642 631 utar
659 565 835 644 Simonide,
850 566 891 631 de
908 588 973 650 quo
991 590 1064 632 cum
1082 565 1291 651 quaesivisset

138 674 199 737 hoc
219 671 308 735 idern
329 678 485 754 tyrannus
514 668 624 746 Hiero,
651 667 850 732 deliberandi
880 668 943 732 sibi
969 691 1072 733 unum
1103 669 1189 733 diem
1219 690 1291 753 pos·

138 770 270 852 thlavit3
301 772 485 838 cumidem
507 794 547 836 ex
571 793 609 836 eo
631 771 785 857 postridie
807 781 982 856 quaereret,
1005 774 1141 838 biduum
1162 773 1293 858 petivit3

55 863 56 866 Ἴ
138 899 212 941 cum
237 877 363 960 saepius
390 874 568 958 duplicaret
593 895 763 937 numerum
790 873 918 938 dierum
944 874 1169 960 admiransque
1191 875 1293 939 Hiero

108 971 323 1064 5requireret',
354 1000 411 1041 cur
441 978 488 1041 ita
518 978 645 1054 faceret,
677 976 795 1057 ‘Quia
824 985 967 1061 quanto
996 977 1144 1042 diutius
1175 977 1293 1042 consi·

139 1081 251 1159 dero’,
276 1081 394 1166 inquit,
420 1086 540 1144 ‘tanto
570 1080 665 1144 mihi
693 1101 752 1145 res
783 1079 937 1145 videtur·
968 1080 1182 1148 obscurior’.
1227 1081 1293 1146 Sed

140 1181 340 1249 Simonidem
377 1181 514 1245 arbitror
543 1183 621 1262 (non
657 1180 745 1244 enim
775 1189 872 1266 poeta
901 1181 1006 1245 solum
1035 1183 1150 1260 suavis,
1180 1204 1292 1247 verum

139 1287 239 1352 etiam
261 1284 425 1368 ceteroqui
447 1283 559 1347 doctus
581 1283 772 1369 sapiensque
795 1284 957 1366 traditur),
980 1285 1058 1369 quia
1078 1287 1184 1350 multa
1204 1285 1296 1350 venia

138 1398 212 1454 rent
236 1389 271 1451 in
291 1395 436 1450 mentem
459 1394 556 1449 acute
573 1394 672 1469 atque
692 1386 831 1464 subtilia,
851 1386 1065 1464 dubitantem,
1084 1388 1162 1472 quid
1182 1409 1292 1452 eorum

91 1525 126 1563 10
140 1500 224 1558 esset
242 1489 453 1567 verissimum,
475 1489 659 1573 desperasse
677 1511 806 1554 omnem
825 1490 1004 1558 veritatem.
1044 1492 1201 1577 Epicurus
1217 1513 1291 1557 vero
1305 1506 1342 1565 61

140 1605 217 1658 tuus
245 1596 332 1674 (nam
359 1614 434 1656 cum
459 1591 515 1655 illo
540 1591 625 1655 malo
654 1591 807 1657 disserere
835 1614 934 1677 quam
960 1599 1080 1677 tecum)
1104 1595 1183 1680 quid
1205 1595 1293 1673 dicit,

141 1697 227 1784 quod
249 1718 315 1760 non
337 1693 432 1758 modo
452 1694 654 1780 philosophia
678 1695 813 1780 dignum
840 1705 933 1776 esset,
958 1697 1014 1760 sed
1040 1697 1193 1763 mediocri
1217 1720 1294 1786 pru-

143 1800 272 1865 dentia?
1357 1796 1359 1800 ⁸

205 1886 384 1977 Quaeritur
405 1895 547 1980 primum
571 1894 606 1959 in
632 1917 670 1960 ea
696 1895 894 1982 quaestione,
918 1919 1001 1982 quae
1030 1906 1080 1964 est
1108 1898 1149 1964 de
1176 1905 1297 1964 natura

92 2028 126 2086 15
142 2002 283 2078 deorum,
299 1999 407 2063 sintne
422 1998 456 2062 di
472 2021 572 2062 necne
591 1999 664 2064 sint.
709 2000 862 2064 ‘Difficile
885 2008 935 2066 est
956 2003 1093 2087 negare'.
1138 2001 1251 2081 Credo,
1265 2003 1294 2068 si

140 2107 175 2169 in
190 2103 336 2169 contione
357 2111 540 2187 quaeratur,
561 2102 617 2166 sed
639 2103 675 2166 in
696 2103 794 2189 hujus
815 2102 903 2166 modi
925 2125 1070 2168 sermone
1091 2112 1125 2169 et
1147 2126 1294 2169 consessu

141 2206 339 2277 facillimum.
383 2205 501 2288 Itaque
516 2227 575 2289 ego
594 2204 664 2290 ipse
682 2206 838 2290 pontifex,
860 2205 916 2289 qui
939 2206 1147 2272 caerimonias
1168 2206 1293 2293 religio·

141 2331 263 2393 nosque
291 2307 437 2393 publicas
467 2307 666 2373 sanctissime
696 2307 834 2373 tuendas
871 2307 1015 2386 arbitror,
1044 2308 1072 2373 is
1106 2309 1175 2385 hoc,
1208 2309 1294 2393 quod

140 2412 281 2496 primum
297 2418 355 2489 est,
371 2431 438 2473 esse
453 2409 537 2486 deos
552 2409 736 2494 persuaderi
757 2409 839 2473 mihi
862 2432 924 2474 non
946 2410 1095 2496 opinione
1110 2412 1223 2489 solum,
1237 2411 1294 2476 sed

91 2541 129 2580 20
142 2512 240 2576 etiam
259 2511 300 2575 ad
320 2511 493 2575 veritatem
515 2511 610 2594 plane
632 2511 737 2575 velim.
782 2511 888 2576 Multa
908 2511 995 2576 enim
1016 2522 1194 2589 occurrunt,
1210 2534 1293 2597 quae

141 2613 342 2690 conturbent,
357 2621 396 2677 ut
410 2612 575 2677 interdum
593 2613 677 2678 nulli
695 2635 763 2678 esse
783 2613 961 2680 videantur.
1006 2614 1072 2679 Sed
1091 2615 1173 2694 vide,
1195 2638 1292 2700 quam
1306 2627 1343 2686 62

142 2724 249 2780 tecum
265 2737 359 2800 agorn
374 2714 550 2779 liberaliter
555 2738 564 2795 ;
587 2735 670 2799 quae
684 2714 867 2779 communia
880 2722 956 2779 sunt
975 2714 1065 2780 vobis
1087 2737 1160 2780 cum
1180 2717 1294 2782 ceteris

142 2818 348 2903 philosophis,
363 2839 429 2882 non
447 2817 616 2902 attingam,
630 2825 670 2881 ut
687 2818 746 2882 hoc
767 2817 873 2903 ipsum
879 2841 888 2898 ;
911 2818 1016 2903 placet
1038 2818 1125 2883 enim
1145 2821 1294 2887 omnibus

142 2920 209 2985 fere
238 2920 384 3004 mihique
412 2919 474 3006 ipsi
502 2919 538 2983 in
566 2919 678 3004 primis
707 2920 783 2986 deos
812 2941 890 2985 esse.
935 2921 1051 3005 Itaque
1080 2943 1145 3007 non
1169 2945 1292 3008 pugn03

92 3050 128 3110 25
143 3023 301 3087 rationem
316 3031 426 3086 tamen
441 3043 522 3099 eam,
537 3043 621 3108 quae
635 3045 657 3087 a
672 3030 707 3087 te
725 3023 866 3102 affertur,
880 3044 946 3087 non
964 3023 1041 3088 satis
1059 3022 1185 3089 firmam
1204 3035 1309 3111 puto„

142 3125 271 3190 XXIII.
296 3124 391 3204 Quod
413 3124 500 3188 enim
524 3123 669 3188 omnium
694 3124 842 3209 gentium
864 3147 1084 3210 generumque
1108 3127 1294 3194 hominibus

142 3229 190 3292 ita
212 3226 385 3304 videretur,
408 3225 442 3289 id
465 3225 543 3289 satis
572 3248 728 3310 magnum
753 3236 979 3312 argumentum
1005 3250 1073 3294 esse
1096 3228 1215 3309 dixisti,
1238 3254 1295 3296 cur

38 3405 41 3411 ¹
143 3354 211 3397 esse
235 3331 312 3408 deos
337 3330 571 3398 confiteremur.
618 3331 711 3410 Quod
741 3353 815 3396 cum
844 3331 916 3396 leve
941 3353 999 3416 per
1021 3354 1064 3411 se,
1093 3341 1165 3398 tum
1195 3335 1294 3400 etiam

142 3435 259 3499 falsum
279 3441 338 3498 est.
384 3432 530 3496 Primum
551 3431 639 3496 enim
659 3432 746 3496 unde
766 3433 828 3496 tibi
843 3443 940 3515 notae
960 3443 1036 3499 sunt
1056 3435 1221 3520 opiniones
1238 3461 1294 3502 na-

93 3561 131 3618 30
143 3538 288 3602 tionum?
331 3534 493 3620 Equidem
511 3534 648 3598 arbitror
668 3535 789 3600 multas
809 3557 877 3600 esse
898 3546 1011 3622 gentes
1032 3538 1077 3603 sie
1091 3539 1294 3606 immanitate

144 3642 300 3716 efferatas,
314 3646 353 3702 ut
371 3637 459 3724 apud
478 3659 532 3702 eas
551 3637 642 3701 nulla
659 3637 796 3722 suspicio
818 3638 951 3703 deorum
973 3640 1022 3707 sit.
1068 3641 1173 3721 Quid?
1216 3643 1294 3707 Dia·
1307 3654 1345 3713 63

143 3766 234 3830 goras
250 3741 343 3812 ἄθεος
357 3743 415 3827 qui
435 3742 541 3807 dictus
564 3748 622 3820 est,
643 3750 819 3828 posteaque
837 3743 1036 3823 ‘Theodorus
1057 3767 1164 3812 nonne
1185 3758 1294 3832 aperte

192 3873 263 3936 6111
274 3885 332 3933 Asc.
341 3883 404 3934 Red.
413 3884 497 3942 EMU,
507 3901 560 3948 spes
571 3884 644 3936 XBK.
776 3886 793 3934 8
809 3888 933 3949 ceteroqui
944 3885 1049 3935 Moser’s
1060 3886 1082 3934 E
1096 3886 1148 3935 end
1159 3888 1187 3936 M
1198 3888 1255 3938 Oxi.
1267 3903 1293 3948 u,

143 3973 269 4027 ceteroque
281 3964 345 4014 XBK
357 3964 415 4014 Oxf.
429 3968 455 4024 ψ,
470 3972 552 4014 cetero
564 3979 659 4027 quoque
671 3964 715 4014 Uo
726 3964 768 4013 El.
780 3964 845 4014 Dav.
982 3965 1014 4014 16
1031 3971 1055 4014 11
1066 3981 1179 4016 conuersa
1189 3971 1209 4018 ‘1⁴
1219 3970 1293 4029 (corr.

144 4044 175 4092 fr.
187 4050 211 4092 et
222 4047 348 4104 1011111110)
360 4042 503 4104 Manutius,
517 4050 542 4092 et
552 4043 707 4101 consenesco,
720 4051 744 4093 et
760 4045 789 4094 in
805 4059 924 4094 1011111110
934 4058 983 4093 uss
997 4045 1134 4107 generally,
1154 4055 1178 4096 et
1193 4048 1222 4097 in
1238 4063 1294 4097 eoa·

144 4140 212 4174 11110
229 4128 251 4174 R
266 4125 324 4172 Asc.
340 4123 397 4174 Oxf.
419 4127 447 4188 ψ,
465 4131 490 4172 11
507 4126 556 4187 [in]
576 4140 689 4174 1111111111
707 4125 767 4175 Sch.
866 4128 897 4175 32
915 4125 981 4176 ἄθεος
997 4126 1027 4174 in
1043 4125 1121 4175 Latin
1137 4127 1225 4178 letters
1237 4143 1294 4180 uss.

141 4215 274 4270 posteaque
285 4209 424 4256 Theodorus
431 4207 517 4270 [AGP]
526 4208 550 4256 U
559 4207 616 4269 Asc,
624 4215 712 4270 posteo
721 4223 784 4270 quoe
795 4209 935 4257 Theodorus
942 4208 982 4268 13¹,
991 4211 1147 4271 posteaque'd
1156 4211 1295 4260 Theodorus

145 4289 186 4345 ΒΨ,
196 4296 329 4350 posteaque
340 4288 401 4351 quid
414 4288 553 4336 Theodorus
565 4288 595 4338 Ε.
664 4303 743 4337 nonne
756 4294 840 4349 operte
851 4289 881 4345 B,
893 4304 955 4337 110111
967 4295 1050 4351 operte
1061 4288 1092 4348 E,
1106 4303 1185 4339 nonne
1197 4307 1213 4339 a
1220 4300 1295 4355 porte
1327 4285 1329 4291 ’

147 4367 239 4425 ΔΟΒΚ,
252 4368 315 4430 quid
324 4382 403 4416 0011111
414 4376 498 4431 operte
510 4369 542 4420 U.
