3076 4944
246 384 288 446 36
627 395 674 442 nn
696 394 838 444 mrum
860 394 1014 445 uuonan.

244 556 362 613 arcum,
393 536 536 622 sagittas,
572 535 708 616 hastam,
745 536 894 620 clipeum,
932 535 1099 612 fuscinam,
1128 534 1259 612 fulmen,
1291 543 1325 600 et
1360 535 1397 614 si,

244 636 385 702 actiones
411 659 494 722 quae
522 638 589 703 sint
610 637 753 716 deorum,
777 660 843 703 non
864 637 985 714 vident,
1009 637 1092 700 nihil
1113 645 1264 722 agentem
1286 644 1396 701 tamen

243 741 341 806 deum
356 765 422 807 non
436 750 561 827 queunt
581 742 729 834 cogitare.
774 741 851 827 Ipsi,
867 742 924 826 qui
946 740 1130 818 irridentur,
1146 740 1304 827 Aegyptii
1324 741 1397 804 nul·

242 844 309 910 lam
326 845 457 910 beluam
479 845 541 911 nisi
565 846 606 912 ob
628 845 771 930 aliquam
793 845 981 924 utilitatem,
996 867 1094 930 quam
1116 867 1157 910 ex
1179 867 1218 910 ea
1239 853 1397 930 caperent,

243 959 518 1018 consecraverunt.
539 950 639 1016 Velut
649 950 719 1016 ibes
733 950 910 1014 maximam
921 949 988 1014 vim
1003 950 1202 1034 serpentium
1215 948 1397 1026 conficiunt,
1430 974 1446 1034 5

143 1086 147 1093 ·
244 1077 318 1120 cum
347 1055 414 1120 sint
443 1076 517 1120 aves
547 1055 699 1130 excelsae,
731 1052 876 1119 cruribus
905 1051 1026 1138 rigidis,
1057 1073 1171 1117 corneo
1203 1071 1396 1137 proceroque

243 1165 364 1239 rostro;
386 1164 538 1222 avertunt
560 1164 686 1242 pestem
707 1155 750 1220 ab
771 1156 928 1240 Aegypte,
951 1175 1025 1218 cum
1047 1153 1191 1218 volucres
1213 1173 1335 1237 angues
1357 1172 1397 1214 ex

243 1260 397 1326 vastitate
419 1260 541 1344 Libyae
562 1267 661 1324 vento
683 1258 792 1323 Africo
815 1258 959 1322 invectas
981 1256 1181 1321 interficiunt
1203 1263 1301 1340 atque
1323 1275 1397 1317 oon-

243 1369 396 1442 sumunt3
417 1383 457 1426 ex
472 1382 536 1446 quo
551 1359 597 1437 fit,
612 1367 651 1424 ut
666 1360 740 1424 illae
755 1381 815 1423 nec
829 1380 940 1422 morsu
956 1358 1048 1422 vivae
1063 1364 1200 1422 noceant
1219 1378 1279 1420 neo
1301 1355 1397 1419 odore

245 1471 399 1529 mortuae.
444 1464 578 1528 Possum
597 1462 638 1526 de
656 1462 908 1526 ichneumonum
929 1461 1080 1538 utilitate,
1096 1460 1136 1525 de
1159 1459 1397 1538 crocodilorum,
1414 1493 1450 1531 10

244 1568 285 1633 de
301 1568 433 1632 faelium
453 1567 567 1645 dicere,
583 1565 639 1630 sed
661 1567 735 1630 nolo
753 1586 822 1630 esse
841 1567 963 1649 longus.
1007 1564 1062 1628 Ita
1076 1563 1271 1640 concludam,
1287 1571 1398 1627 tamen

245 1670 357 1734 beluas
382 1691 403 1734 a
427 1668 570 1734 barbaris
598 1677 730 1753 propter
758 1668 952 1733 beneficium
981 1676 1187 1746 consecratas,
1218 1676 1397 1732 vestrorum

244 1771 380 1836 deorum
401 1792 467 1836 non
488 1770 583 1836 modo
605 1770 799 1835 beneficium
821 1771 948 1834 nullum
978 1779 1112 1850 exstare,
1134 1772 1191 1836 sed
1213 1794 1254 1836 ne
1276 1772 1398 1836 factum

175 1889 232 1949 102
245 1875 376 1960 quidem
391 1874 531 1941 omnino.
576 1874 669 1939 Nihil
683 1874 791 1952 habet,
806 1874 923 1960 inquit,
939 1875 1069 1960 negotii
1114 1876 1259 1942 Profecto
1279 1877 1397 1961 Epicu·

245 1999 300 2043 rus
336 1977 428 2063 quasi
464 1977 558 2063 puori
595 1977 724 2042 delicati
761 1978 844 2042 nihil
872 1979 1048 2044 cessatione
1077 1981 1193 2044 melius
1222 1982 1395 2048 existimat.
1412 2009 1446 2069 15

246 2080 421 2147 XXXVII.
464 2080 513 2144 At
534 2080 596 2166 ipsi
618 2089 730 2146 tamen
751 2080 853 2166 pueri,
876 2082 977 2147 ctiam
1000 2105 1074 2148 cum
1096 2093 1229 2165 cessant,
1244 2087 1397 2151 exercita-

246 2185 335 2251 tione
360 2185 471 2271 aliqua
493 2185 615 2250 ludicra
640 2185 860 2268 delectantur3
888 2186 987 2251 deum
1009 2187 1054 2252 sic
1075 2187 1227 2252 feriatum
1248 2189 1396 2253 volumus

246 2288 422 2354 cessatione
443 2296 579 2374 torpere,
601 2295 650 2367 ut,
673 2288 701 2353 si
723 2311 757 2354 se
780 2289 997 2368 commoverit,
1019 2312 1197 2370 vereamur,
1219 2313 1261 2356 ne
1282 2291 1396 2357 beatus

246 2415 314 2458 esse
329 2415 394 2458 non
408 2393 532 2479 possiti
575 2393 667 2459 Haec
685 2393 787 2458 oratio
808 2415 874 2458 non
895 2392 990 2459 modo
1013 2393 1088 2459 deos
1111 2395 1227 2479 spoliat
1249 2403 1340 2460 motu
1363 2403 1397 2460 et

246 2497 371 2562 actione
386 2497 505 2575 divina,
520 2497 576 2563 sed
592 2497 691 2563 etiam
706 2497 854 2563 homines
868 2497 988 2563 inertes
1004 2497 1111 2577 efficit,
1125 2498 1285 2583 siquidem
1299 2521 1397 2586 agens
1410 2526 1448 2564 20

246 2603 368 2690 aliquid
383 2625 424 2668 ne
439 2602 518 2669 deus
533 2603 666 2689 quidem
681 2625 748 2668 esse
763 2602 878 2668 beatus
892 2610 1006 2688 potest.

175 2725 234 2785 103
312 2708 434 2772 Verum
456 2708 499 2772 sit
520 2729 605 2786 sane,
624 2715 663 2773 ut
684 2707 791 2785 vultis,
814 2708 894 2773 deus
916 2708 1034 2793 effigies
1054 2707 1195 2774 hominis
1218 2717 1252 2774 et
1273 2709 1399 2797 imago,

246 2806 333 2893 quod
348 2806 418 2892 ejus
433 2813 482 2871 est
497 2806 719 2873 domiciliumt
741 2829 826 2893 quae
840 2807 955 2873 sedes?
976 2807 1033 2893 qui
1048 2808 1160 2872 locust
1182 2830 1264 2893 quae
1280 2810 1397 2875 deiude

246 2909 330 2975 actio
351 2909 461 2973 vitaet
490 2908 608 2995 quibus
629 2910 733 2990 rebus,
755 2910 789 2975 id
813 2910 899 2995 quod
921 2910 1028 2987 vultis,
1051 2911 1166 2975 beatus
1188 2915 1259 2976 est?
1285 2921 1398 2978 utatur

245 3010 334 3075 anim
349 3010 415 3074 suis
429 3010 521 3074 bonis
536 3018 662 3096 oportet
677 3019 706 3077 et
720 3011 853 3089 fruatur,
869 3010 926 3096 qui
940 3011 1055 3075 beatus
1069 3012 1197 3075 futurus
1212 3018 1269 3075 est.
1308 3013 1342 3076 N
1344 3037 1396 3078 am
1411 3041 1425 3079 2
1430 3037 1446 3097 5

245 3114 333 3179 locus
348 3113 480 3200 quidem
495 3113 535 3176 iis
549 3113 649 3178 etiam
669 3116 802 3188 naturis
820 3137 903 3200 quae
923 3114 992 3179 sine
1013 3114 1129 3178 animis
1150 3122 1235 3192 sunt,
1251 3137 1327 3180 snus
1348 3125 1397 3182 est

245 3218 362 3304 cuique
384 3215 539 3302 proprius,
561 3224 601 3282 ut
622 3225 708 3282 terra
728 3216 879 3281 infimum
901 3223 1021 3294 teneat,
1039 3216 1122 3281 hanc
1144 3217 1282 3281 inundet
1303 3240 1396 3303 aqua,

245 3320 390 3407 superior
403 3320 481 3399 ce'rs',
495 3319 648 3385 aetheriis
662 3318 792 3404 ignibus
811 3318 968 3384 altissima
988 3340 1044 3393 ora
1064 3318 1225 3383 reddatur.
1269 3319 1396 3385 Bestia-

245 3442 318 3484 rum
343 3426 455 3485 autem
480 3426 625 3483 terrenae
647 3425 724 3482 sunt
745 3417 835 3495 aliae,
859 3417 980 3503 partim
1001 3416 1169 3502 aquatiles,
1191 3417 1273 3481 aliae
1304 3419 1396 3504 quasi

245 3521 402 3608 ancipites
421 3521 456 3587 in
473 3528 610 3607 utraque
633 3519 708 3586 sede
725 3519 870 3585 viventes
879 3543 889 3602 ;
909 3526 986 3584 sunt
1008 3518 1166 3604 quaedam
1189 3520 1297 3598 etiarn,
1313 3543 1395 3605 quae
1409 3547 1448 3603 30

245 3626 320 3710 igne
349 3623 437 3689 nasci
472 3630 632 3709 putentur
667 3630 906 3709 appareantque
935 3622 971 3686 in
1000 3621 1187 3686 ardentibus
1216 3622 1396 3687 fomacihus

175 3745 234 3805 104
246 3747 341 3812 saepe
355 3726 534 3792 volitantes
580 3724 708 3806 Quaero
723 3724 832 3811 igitur,
846 3732 954 3790 vester
968 3724 1048 3789 dens
1066 3723 1207 3809 primum
1226 3723 1283 3790 ubi
1305 3725 1395 3789 habi-

295 3913 327 3963 19
343 3913 424 3962 orotio
435 3910 574 3976 [ABE]OK‚
587 3912 655 3962 ratio
666 3909 724 3962 cos
735 3908 831 3960 Heind.
951 3909 983 3958 25
1000 3914 1094 3972 oportet
1105 3914 1130 3958 et
1141 3907 1182 3958 cN
1194 3907 1222 3957 oi
1231 3907 1317 3957 Moser
1327 3905 1393 3968 edd,

246 4001 341 4058 oportet
351 3992 473 4054 xlm-t,
487 4005 527 4054 op.
538 3997 566 4041 at
576 3991 644 4053 Asa,
658 4006 697 4054 op.
708 3997 738 4039 ut
748 3995 833 4051 ΕΗ,
846 4004 886 4053 op.
898 4004 928 4040 ac
939 3994 968 4047 R,
981 4004 1020 4052 op.
1031 3994 1077 4037 out
1087 3991 1117 4038 N.
1237 3988 1269 4036 28
1284 3989 1397 4049 superior

246 4076 300 4124 aeri
317 4075 435 4123 aetheriis
454 4071 518 4135 Mu,
537 4073 622 4135 asperi
638 4073 735 4122 aetheri
753 4070 784 4130 B,
803 4071 888 4134 superi
904 4071 995 4120 etheris
1015 4068 1044 4128 O,
1060 4069 1145 4131 sapen'
1160 4069 1246 4117 astirer
1264 4067 1294 4128 A,
1312 4068 1396 4129 superi

245 4157 315 4205 estrer
324 4155 398 4213 EBK,
408 4156 522 4217 superior
536 4157 617 4204 estere
633 4153 733 4215 (finale
748 4152 887 4214 cancelled)
904 4157 931 4211 0,
947 4151 1060 4213 superior
1073 4151 1159 4198 aether
1173 4148 1267 4209 Umt,
1284 4150 1397 4211 superior

246 4251 290 4286 aer
315 4240 354 4301 V„
378 4238 491 4299 superior
511 4237 608 4286 aetlseri
629 4236 693 4286 Dav.
718 4235 762 4284 Or.
784 4235 840 4296 Ba,
868 4235 981 4298 superior
1005 4232 1059 4282 cert
1085 4231 1187 4280 Manat.
1211 4227 1308 4278 Heind.
1335 4228 1395 4280 Soh.

247 4317 277 4366 al
294 4318 351 4378 ipre
362 4318 432 4366 amri
444 4315 556 4380 [xmo.
568 4317 624 4378 r'qni
635 4317 705 4365 nasci
716 4317 850 4369 rnonv÷
858 4314 927 4377 Sch,
940 4316 970 4362 in
980 4315 1037 4375 ique
1048 4312 1119 4361 nasci
1130 4309 1194 4360 Dav.
1206 4309 1249 4360 Or.
1261 4309 1308 4359 Ba.
