<?xml version="1.0" encoding="UTF-8"?>
<!DOCTYPE html PUBLIC "-//W3C//DTD XHTML 1.0 Transitional//EN"
    "http://www.w3.org/TR/xhtml1/DTD/xhtml1-transitional.dtd">
<html xmlns="http://www.w3.org/1999/xhtml" xml:lang="en" lang="en">
 <head>
  <title>
</title>
<meta http-equiv="Content-Type" content="text/html;charset=utf-8" />
  <meta name='ocr-system' content='tesseract 3.04.00' />
  <meta name='ocr-capabilities' content='ocr_page ocr_carea ocr_par ocr_line ocrx_word'/>
</head>
<body>
  <div class='ocr_page' id='page_1' title='image "./mtulliiciceroni78cicegoog/mtulliiciceroni78cicegoog_0078.png"; bbox 0 0 3076 4944; ppageno 0'>
   <div class='ocr_carea' id='block_1_1' title="bbox 480 378 1300 481">
    <p class='ocr_par' dir='ltr' id='par_1_1' title="bbox 480 378 1300 481">
     <span class='ocr_line' id='line_1_1' title="bbox 480 378 1300 481; baseline -0.009 -20"><span class='ocrx_word' id='word_1_1' title='bbox 480 414 574 462; x_wconf 83' lang='grc' dir='ltr'>ιιιι</span> <span class='ocrx_word' id='word_1_2' title='bbox 603 413 676 462; x_wconf 81' lang='grc' dir='ltr'>(ιιι.</span> <span class='ocrx_word' id='word_1_3' title='bbox 692 413 787 461; x_wconf 86' lang='grc' dir='ltr'>ι-ιι</span> <span class='ocrx_word' id='word_1_4' title='bbox 817 395 856 481; x_wconf 54' lang='grc' dir='ltr'>ἐξ</span> <span class='ocrx_word' id='word_1_5' title='bbox 872 393 966 462; x_wconf 76' lang='grc' dir='ltr'>ι-7,</span> <span class='ocrx_word' id='word_1_6' title='bbox 1113 378 1131 414; x_wconf 66' lang='grc'>·’</span> <span class='ocrx_word' id='word_1_7' title='bbox 1281 394 1300 454; x_wconf 89' lang='lat'><strong>3</strong></span> 
     </span>
    </p>
   </div>
   <div class='ocr_carea' id='block_1_2' title="bbox 71 540 1358 4157">
    <p class='ocr_par' dir='ltr' id='par_1_2' title="bbox 71 540 1358 4157">
     <span class='ocr_line' id='line_1_2' title="bbox 71 540 1301 641; baseline -0.01 -20"><span class='ocrx_word' id='word_1_8' title='bbox 71 590 72 595; x_wconf 19' lang='grc' dir='ltr'>ι</span> <span class='ocrx_word' id='word_1_9' title='bbox 148 557 217 641; x_wconf 86' lang='lat' dir='ltr'>regi</span> <span class='ocrx_word' id='word_1_10' title='bbox 232 564 391 631; x_wconf 81' lang='lat' dir='ltr'>censeant,</span> <span class='ocrx_word' id='word_1_11' title='bbox 413 577 518 641; x_wconf 89' lang='lat' dir='ltr'>neque</span> <span class='ocrx_word' id='word_1_12' title='bbox 538 555 667 620; x_wconf 86' lang='lat' dir='ltr'>veroid</span> <span class='ocrx_word' id='word_1_13' title='bbox 687 554 801 631; x_wconf 93' lang='lat' dir='ltr'>solum,</span> <span class='ocrx_word' id='word_1_14' title='bbox 821 551 993 617; x_wconf 88' lang='lat' dir='ltr'>sedetiam</span> <span class='ocrx_word' id='word_1_15' title='bbox 1013 549 1055 613; x_wconf 86' lang='lat' dir='ltr'>ab</span> <span class='ocrx_word' id='word_1_16' title='bbox 1075 540 1178 613; x_wconf 87' lang='lat' dir='ltr'>isdem</span> <span class='ocrx_word' id='word_1_17' title='bbox 1199 546 1301 610; x_wconf 91' lang='lat' dir='ltr'>homi·</span> 
     </span>
     <span class='ocr_line' id='line_1_3' title="bbox 148 651 1346 743; baseline -0.008 -21"><span class='ocrx_word' id='word_1_18' title='bbox 148 681 228 723; x_wconf 92' lang='lat' dir='ltr'>num</span> <span class='ocrx_word' id='word_1_19' title='bbox 243 659 330 724; x_wconf 85' lang='lat' dir='ltr'>vitae</span> <span class='ocrx_word' id='word_1_20' title='bbox 344 659 466 724; x_wconf 88' lang='lat' dir='ltr'>consuli</span> <span class='ocrx_word' id='word_1_21' title='bbox 483 666 517 723; x_wconf 87' lang='lat' dir='ltr'>et</span> <span class='ocrx_word' id='word_1_22' title='bbox 532 656 712 743; x_wconf 90' lang='lat' dir='ltr'>provideri;</span> <span class='ocrx_word' id='word_1_23' title='bbox 734 677 811 719; x_wconf 87' lang='lat' dir='ltr'>nam</span> <span class='ocrx_word' id='word_1_24' title='bbox 830 662 865 719; x_wconf 91' lang='grc' dir='ltr'>ιι</span> <span class='ocrx_word' id='word_1_25' title='bbox 885 654 994 738; x_wconf 87' lang='lat' dir='ltr'>fruges</span> <span class='ocrx_word' id='word_1_26' title='bbox 1013 659 1048 716; x_wconf 91' lang='lat' dir='ltr'>et</span> <span class='ocrx_word' id='word_1_27' title='bbox 1068 651 1201 736; x_wconf 89' lang='lat' dir='ltr'>reliqua,</span> <span class='ocrx_word' id='word_1_28' title='bbox 1217 671 1300 734; x_wconf 88' lang='lat' dir='ltr'>quae</span> <span class='ocrx_word' id='word_1_29' title='bbox 1342 711 1346 719; x_wconf 80' lang='grc'>,</span> 
     </span>
     <span class='ocr_line' id='line_1_4' title="bbox 102 753 1300 875; baseline -0.006 -50"><span class='ocrx_word' id='word_1_30' title='bbox 102 753 107 762; x_wconf 76' lang='grc'><strong>’</strong></span> <span class='ocrx_word' id='word_1_31' title='bbox 147 770 233 825; x_wconf 88' lang='lat' dir='ltr'>terra</span> <span class='ocrx_word' id='word_1_32' title='bbox 258 762 372 846; x_wconf 86' lang='lat' dir='ltr'>pariat,</span> <span class='ocrx_word' id='word_1_33' title='bbox 396 770 430 827; x_wconf 91' lang='lat' dir='ltr'>et</span> <span class='ocrx_word' id='word_1_34' title='bbox 456 769 597 846; x_wconf 86' lang='lat' dir='ltr'>tempest</span> <span class='ocrx_word' id='word_1_35' title='bbox 584 769 668 826; x_wconf 87' lang='lat' dir='ltr'>tates</span> <span class='ocrx_word' id='word_1_36' title='bbox 693 783 730 826; x_wconf 91' lang='lat' dir='ltr'>ac</span> <span class='ocrx_word' id='word_1_37' title='bbox 756 770 940 875; x_wconf 82' lang='lat' dir='ltr'>temporum</span> <span class='ocrx_word' id='word_1_38' title='bbox 963 758 1135 822; x_wconf 71' lang='lat' dir='ltr'>varietates</span> <span class='ocrx_word' id='word_1_39' title='bbox 1157 756 1300 841; x_wconf 90' lang='lat' dir='ltr'>caelique</span> 
     </span>
     <span class='ocr_line' id='line_1_5' title="bbox 87 859 1301 950; baseline -0.003 -23"><span class='ocrx_word' id='word_1_40' title='bbox 87 889 93 902; x_wconf 93' lang='lat'><strong>·</strong></span> <span class='ocrx_word' id='word_1_41' title='bbox 148 875 221 928; x_wconf 92' lang='lat' dir='ltr'>mut</span> <span class='ocrx_word' id='word_1_42' title='bbox 208 865 355 942; x_wconf 87' lang='lat' dir='ltr'>tationes,</span> <span class='ocrx_word' id='word_1_43' title='bbox 375 865 494 950; x_wconf 90' lang='lat' dir='ltr'>quibus</span> <span class='ocrx_word' id='word_1_44' title='bbox 516 864 633 942; x_wconf 86' lang='lat' dir='ltr'>omnia,</span> <span class='ocrx_word' id='word_1_45' title='bbox 648 886 732 948; x_wconf 91' lang='lat' dir='ltr'>quae</span> <span class='ocrx_word' id='word_1_46' title='bbox 754 870 841 928; x_wconf 87' lang='lat' dir='ltr'>terra</span> <span class='ocrx_word' id='word_1_47' title='bbox 861 861 982 947; x_wconf 87' lang='lat' dir='ltr'>gignat,</span> <span class='ocrx_word' id='word_1_48' title='bbox 1002 869 1165 925; x_wconf 87' lang='lat' dir='ltr'>maturtaa</span> <span class='ocrx_word' id='word_1_49' title='bbox 1186 859 1301 944; x_wconf 89' lang='lat' dir='ltr'>pubes·</span> 
     </span>
     <span class='ocr_line' id='line_1_6' title="bbox 116 963 1300 1052; baseline -0.003 -22"><span class='ocrx_word' id='word_1_50' title='bbox 116 993 133 1052; x_wconf 85' lang='lat'>5</span> <span class='ocrx_word' id='word_1_51' title='bbox 148 975 231 1044; x_wconf 89' lang='lat' dir='ltr'>cant,</span> <span class='ocrx_word' id='word_1_52' title='bbox 242 988 263 1030; x_wconf 89' lang='lat' dir='ltr'>a</span> <span class='ocrx_word' id='word_1_53' title='bbox 276 967 327 1032; x_wconf 91' lang='lat' dir='ltr'>dis</span> <span class='ocrx_word' id='word_1_54' title='bbox 342 967 579 1032; x_wconf 80' lang='lat' dir='ltr'><strong>immortalibus</strong></span> <span class='ocrx_word' id='word_1_55' title='bbox 593 967 694 1032; x_wconf 92' lang='lat' dir='ltr'>tribui</span> <span class='ocrx_word' id='word_1_56' title='bbox 708 987 819 1052; x_wconf 80' lang='lat' dir='ltr'>generi</span> <span class='ocrx_word' id='word_1_57' title='bbox 809 965 976 1030; x_wconf 89' lang='lat' dir='ltr'>humano</span> <span class='ocrx_word' id='word_1_58' title='bbox 991 972 1109 1050; x_wconf 84' lang='lat' dir='ltr'>putant</span> <span class='ocrx_word' id='word_1_59' title='bbox 1124 963 1300 1048; x_wconf 89' lang='lat' dir='ltr'>multaque,</span> 
     </span>
     <span class='ocr_line' id='line_1_7' title="bbox 148 1069 1302 1161; baseline -0.003 -26"><span class='ocrx_word' id='word_1_60' title='bbox 148 1092 231 1154; x_wconf 83' lang='lat' dir='ltr'>quae</span> <span class='ocrx_word' id='word_1_61' title='bbox 246 1071 395 1135; x_wconf 87' lang='lat' dir='ltr'>dicentur</span> <span class='ocrx_word' id='word_1_62' title='bbox 409 1071 443 1135; x_wconf 92' lang='lat' dir='ltr'>in</span> <span class='ocrx_word' id='word_1_63' title='bbox 459 1071 509 1135; x_wconf 90' lang='lat' dir='ltr'>his</span> <span class='ocrx_word' id='word_1_64' title='bbox 524 1071 623 1150; x_wconf 88' lang='lat' dir='ltr'>libris,</span> <span class='ocrx_word' id='word_1_65' title='bbox 639 1071 904 1156; x_wconf 82' lang='lat' dir='ltr'>colligunt,&#39;quae</span> <span class='ocrx_word' id='word_1_66' title='bbox 919 1069 999 1134; x_wconf 89' lang='lat' dir='ltr'>talia</span> <span class='ocrx_word' id='word_1_67' title='bbox 1016 1078 1100 1147; x_wconf 90' lang='lat' dir='ltr'>sunt,</span> <span class='ocrx_word' id='word_1_68' title='bbox 1116 1078 1213 1161; x_wconf 13' lang='lat' dir='ltr'>utpea</span> <span class='ocrx_word' id='word_1_69' title='bbox 1233 1069 1302 1153; x_wconf 92' lang='lat' dir='ltr'>ipsa</span> 
     </span>
     <span class='ocr_line' id='line_1_8' title="bbox 148 1171 1300 1258; baseline -0.002 -21"><span class='ocrx_word' id='word_1_70' title='bbox 148 1171 192 1237; x_wconf 91' lang='lat' dir='ltr'>di</span> <span class='ocrx_word' id='word_1_71' title='bbox 205 1173 403 1239; x_wconf 85' lang='lat' dir='ltr'>immortales</span> <span class='ocrx_word' id='word_1_72' title='bbox 428 1174 470 1238; x_wconf 85' lang='lat' dir='ltr'>ad</span> <span class='ocrx_word' id='word_1_73' title='bbox 496 1197 591 1238; x_wconf 92' lang='lat' dir='ltr'>usum</span> <span class='ocrx_word' id='word_1_74' title='bbox 617 1173 787 1238; x_wconf 90' lang='lat' dir='ltr'>hominum</span> <span class='ocrx_word' id='word_1_75' title='bbox 816 1172 964 1238; x_wconf 84' lang='lat' dir='ltr'>fabricati</span> <span class='ocrx_word' id='word_1_76' title='bbox 993 1194 1096 1258; x_wconf 88' lang='lat' dir='ltr'>paene</span> <span class='ocrx_word' id='word_1_77' title='bbox 1121 1171 1300 1237; x_wconf 87' lang='lat' dir='ltr'>videantur.</span> 
     </span>
     <span class='ocr_line' id='line_1_9' title="bbox 149 1269 1300 1363; baseline -0.001 -22"><span class='ocrx_word' id='word_1_78' title='bbox 149 1269 271 1343; x_wconf 84' lang='lat' dir='ltr'>Contra</span> <span class='ocrx_word' id='word_1_79' title='bbox 286 1301 366 1363; x_wconf 91' lang='lat' dir='ltr'>quos</span> <span class='ocrx_word' id='word_1_80' title='bbox 382 1278 588 1346; x_wconf 86' lang='lat' dir='ltr'>Carneades</span> <span class='ocrx_word' id='word_1_81' title='bbox 579 1288 627 1344; x_wconf 80' lang='grc' dir='ltr'>ιιι</span> <span class='ocrx_word' id='word_1_82' title='bbox 641 1280 746 1343; x_wconf 92' lang='lat' dir='ltr'>multa</span> <span class='ocrx_word' id='word_1_83' title='bbox 760 1278 970 1356; x_wconf 75' lang='lat' dir='ltr'>disseruitut</span> <span class='ocrx_word' id='word_1_84' title='bbox 956 1279 1140 1343; x_wconf 86' lang='lat' dir='ltr'>texeitaret</span> <span class='ocrx_word' id='word_1_85' title='bbox 1154 1277 1300 1342; x_wconf 87' lang='lat' dir='ltr'>homines</span> 
     </span>
     <span class='ocr_line' id='line_1_10' title="bbox 149 1379 1330 1470; baseline 0.002 -24"><span class='ocrx_word' id='word_1_86' title='bbox 149 1405 214 1447; x_wconf 91' lang='lat' dir='ltr'>non</span> <span class='ocrx_word' id='word_1_87' title='bbox 229 1386 374 1450; x_wconf 83' lang='lat' dir='ltr'>socordes</span> <span class='ocrx_word' id='word_1_88' title='bbox 388 1386 430 1450; x_wconf 89' lang='lat' dir='ltr'>ad</span> <span class='ocrx_word' id='word_1_89' title='bbox 445 1385 513 1449; x_wconf 88' lang='lat' dir='ltr'>veri</span> <span class='ocrx_word' id='word_1_90' title='bbox 528 1385 635 1450; x_wconf 88' lang='lat' dir='ltr'>invest</span> <span class='ocrx_word' id='word_1_91' title='bbox 622 1384 746 1470; x_wconf 86' lang='lat' dir='ltr'>tigandi</span> <span class='ocrx_word' id='word_1_92' title='bbox 761 1382 983 1470; x_wconf 89' lang='lat' dir='ltr'>cupiditatem.</span> <span class='ocrx_word' id='word_1_93' title='bbox 1028 1383 1093 1448; x_wconf 90' lang='lat' dir='ltr'>Res</span> <span class='ocrx_word' id='word_1_94' title='bbox 1108 1383 1195 1447; x_wconf 89' lang='lat' dir='ltr'>enim</span> <span class='ocrx_word' id='word_1_95' title='bbox 1210 1379 1301 1445; x_wconf 86' lang='lat' dir='ltr'>nulla</span> <span class='ocrx_word' id='word_1_96' title='bbox 1314 1392 1330 1448; x_wconf 90' lang='lat'>5</span> 
     </span>
     <span class='ocr_line' id='line_1_11' title="bbox 100 1487 1300 1574; baseline 0.001 -25"><span class='ocrx_word' id='word_1_97' title='bbox 100 1511 135 1549; x_wconf 90' lang='grc' dir='ltr'>ιο</span> <span class='ocrx_word' id='word_1_98' title='bbox 148 1494 206 1565; x_wconf 90' lang='lat' dir='ltr'>est,</span> <span class='ocrx_word' id='word_1_99' title='bbox 216 1488 256 1552; x_wconf 91' lang='lat' dir='ltr'>de</span> <span class='ocrx_word' id='word_1_100' title='bbox 268 1511 333 1574; x_wconf 86' lang='lat' dir='ltr'>qua</span> <span class='ocrx_word' id='word_1_101' title='bbox 345 1497 437 1554; x_wconf 91' lang='lat' dir='ltr'>tante</span> <span class='ocrx_word' id='word_1_102' title='bbox 448 1511 544 1574; x_wconf 90' lang='lat' dir='ltr'>opere</span> <span class='ocrx_word' id='word_1_103' title='bbox 556 1512 621 1554; x_wconf 90' lang='lat' dir='ltr'>nen</span> <span class='ocrx_word' id='word_1_104' title='bbox 636 1490 740 1554; x_wconf 90' lang='lat' dir='ltr'>solum</span> <span class='ocrx_word' id='word_1_105' title='bbox 755 1488 885 1566; x_wconf 89' lang='lat' dir='ltr'>indocti,</span> <span class='ocrx_word' id='word_1_106' title='bbox 895 1489 951 1553; x_wconf 90' lang='lat' dir='ltr'>sed</span> <span class='ocrx_word' id='word_1_107' title='bbox 962 1488 1061 1553; x_wconf 86' lang='lat' dir='ltr'>etiam</span> <span class='ocrx_word' id='word_1_108' title='bbox 1077 1487 1163 1552; x_wconf 91' lang='lat' dir='ltr'>docti</span> <span class='ocrx_word' id='word_1_109' title='bbox 1178 1487 1300 1551; x_wconf 90' lang='lat' dir='ltr'>dissen-</span> 
     </span>
     <span class='ocr_line' id='line_1_12' title="bbox 148 1591 1299 1680; baseline -0.003 -21"><span class='ocrx_word' id='word_1_110' title='bbox 148 1595 252 1677; x_wconf 72' lang='lat' dir='ltr'>tiant5</span> <span class='ocrx_word' id='word_1_111' title='bbox 273 1617 411 1680; x_wconf 93' lang='lat' dir='ltr'>querum</span> <span class='ocrx_word' id='word_1_112' title='bbox 426 1594 593 1680; x_wconf 83' lang='lat' dir='ltr'>opiniones</span> <span class='ocrx_word' id='word_1_113' title='bbox 608 1617 682 1660; x_wconf 91' lang='lat' dir='ltr'>cum</span> <span class='ocrx_word' id='word_1_114' title='bbox 703 1602 772 1659; x_wconf 91' lang='lat' dir='ltr'>tam</span> <span class='ocrx_word' id='word_1_115' title='bbox 794 1595 900 1658; x_wconf 84' lang='lat' dir='ltr'>variae</span> <span class='ocrx_word' id='word_1_116' title='bbox 920 1593 987 1657; x_wconf 87' lang='lat' dir='ltr'>sint</span> <span class='ocrx_word' id='word_1_117' title='bbox 1006 1600 1139 1676; x_wconf 89' lang='lat' dir='ltr'>tamque</span> <span class='ocrx_word' id='word_1_118' title='bbox 1161 1591 1247 1655; x_wconf 90' lang='lat' dir='ltr'>inter</span> <span class='ocrx_word' id='word_1_119' title='bbox 1266 1613 1299 1655; x_wconf 91' lang='lat' dir='ltr'>se</span> 
     </span>
     <span class='ocr_line' id='line_1_13' title="bbox 148 1694 1300 1783; baseline -0.003 -23"><span class='ocrx_word' id='word_1_120' title='bbox 148 1697 304 1763; x_wconf 85' lang='lat' dir='ltr'>dissident</span> <span class='ocrx_word' id='word_1_121' title='bbox 291 1707 348 1777; x_wconf 89' lang='lat' dir='ltr'>tes,</span> <span class='ocrx_word' id='word_1_122' title='bbox 359 1697 498 1762; x_wconf 90' lang='lat' dir='ltr'>alterum</span> <span class='ocrx_word' id='word_1_123' title='bbox 513 1698 582 1763; x_wconf 87' lang='lat' dir='ltr'>fieri</span> <span class='ocrx_word' id='word_1_124' title='bbox 598 1698 739 1783; x_wconf 86' lang='lat' dir='ltr'>profecto</span> <span class='ocrx_word' id='word_1_125' title='bbox 754 1720 795 1783; x_wconf 92' lang='lat' dir='ltr'>po</span> <span class='ocrx_word' id='word_1_126' title='bbox 798 1705 870 1773; x_wconf 87' lang='lat' dir='ltr'>test,</span> <span class='ocrx_word' id='word_1_127' title='bbox 880 1704 919 1760; x_wconf 91' lang='lat' dir='ltr'>ut</span> <span class='ocrx_word' id='word_1_128' title='bbox 933 1717 1044 1760; x_wconf 87' lang='lat' dir='ltr'>earum</span> <span class='ocrx_word' id='word_1_129' title='bbox 1056 1694 1152 1773; x_wconf 90' lang='lat' dir='ltr'>nulla,</span> <span class='ocrx_word' id='word_1_130' title='bbox 1162 1694 1300 1759; x_wconf 86' lang='lat' dir='ltr'>alterum</span> 
     </span>
     <span class='ocr_line' id='line_1_14' title="bbox 148 1801 1298 1886; baseline -0.001 -23"><span class='ocrx_word' id='word_1_131' title='bbox 148 1808 235 1865; x_wconf 90' lang='lat' dir='ltr'>certe</span> <span class='ocrx_word' id='word_1_132' title='bbox 250 1822 315 1864; x_wconf 88' lang='lat' dir='ltr'>non</span> <span class='ocrx_word' id='word_1_133' title='bbox 330 1809 446 1884; x_wconf 84' lang='lat' dir='ltr'>potest,</span> <span class='ocrx_word' id='word_1_134' title='bbox 461 1801 587 1886; x_wconf 90' lang='lat' dir='ltr'>utplus</span> <span class='ocrx_word' id='word_1_135' title='bbox 602 1824 667 1883; x_wconf 85' lang='lat' dir='ltr'>una</span> <span class='ocrx_word' id='word_1_136' title='bbox 682 1823 757 1865; x_wconf 90' lang='lat' dir='ltr'>vera</span> <span class='ocrx_word' id='word_1_137' title='bbox 771 1801 823 1864; x_wconf 90' lang='lat' dir='ltr'>sit.</span> <span class='ocrx_word' id='word_1_138' title='bbox 1295 1810 1298 1815; x_wconf 83' lang='lat'>&#39;</span> 
     </span>
     <span class='ocr_line' id='line_1_15' title="bbox 215 1878 1330 1987; baseline 0.003 -22"><span class='ocrx_word' id='word_1_139' title='bbox 215 1902 279 1967; x_wconf 88' lang='lat' dir='ltr'><strong>III.</strong></span> <span class='ocrx_word' id='word_1_140' title='bbox 323 1902 410 1967; x_wconf 89' lang='lat' dir='ltr'>Mult</span> <span class='ocrx_word' id='word_1_141' title='bbox 397 1912 466 1967; x_wconf 91' lang='lat' dir='ltr'>tum</span> <span class='ocrx_word' id='word_1_142' title='bbox 491 1912 602 1968; x_wconf 89' lang='lat' dir='ltr'>autem</span> <span class='ocrx_word' id='word_1_143' title='bbox 624 1878 755 1968; x_wconf 72' lang='lat' dir='ltr'>finiisse</span> <span class='ocrx_word' id='word_1_144' title='bbox 777 1904 870 1968; x_wconf 85' lang='lat' dir='ltr'>video</span> <span class='ocrx_word' id='word_1_145' title='bbox 893 1880 934 1968; x_wconf 86' lang='lat' dir='ltr'>de</span> <span class='ocrx_word' id='word_1_146' title='bbox 957 1902 1048 1968; x_wconf 92' lang='lat' dir='ltr'>libris</span> <span class='ocrx_word' id='word_1_147' title='bbox 1073 1909 1145 1967; x_wconf 86' lang='lat' dir='ltr'>nost</span> <span class='ocrx_word' id='word_1_148' title='bbox 1147 1903 1198 1980; x_wconf 90' lang='lat' dir='ltr'>ris,</span> <span class='ocrx_word' id='word_1_149' title='bbox 1220 1912 1330 1987; x_wconf 85' lang='lat' dir='ltr'>quos6</span> 
     </span>
     <span class='ocr_line' id='line_1_16' title="bbox 101 2007 1300 2105; baseline 0.001 -37"><span class='ocrx_word' id='word_1_150' title='bbox 101 2027 135 2087; x_wconf 86' lang='lat'>15</span> <span class='ocrx_word' id='word_1_151' title='bbox 150 2008 329 2105; x_wconf 87' lang='lat' dir='ltr'>complures</span> <span class='ocrx_word' id='word_1_152' title='bbox 344 2008 433 2073; x_wconf 92' lang='lat' dir='ltr'>brevi</span> <span class='ocrx_word' id='word_1_153' title='bbox 445 2017 589 2095; x_wconf 90' lang='lat' dir='ltr'>tempore</span> <span class='ocrx_word' id='word_1_154' title='bbox 601 2010 762 2080; x_wconf 83' lang='lat' dir='ltr'>edidimus</span> <span class='ocrx_word' id='word_1_155' title='bbox 763 2010 970 2094; x_wconf 87' lang='lat' dir='ltr'>‚variumque</span> <span class='ocrx_word' id='word_1_156' title='bbox 982 2031 1169 2085; x_wconf 87' lang='lat' dir='ltr'>sermonem,</span> <span class='ocrx_word' id='word_1_157' title='bbox 1181 2007 1300 2093; x_wconf 91' lang='lat' dir='ltr'>partim</span> 
     </span>
     <span class='ocr_line' id='line_1_17' title="bbox 150 2110 1300 2213; baseline -0.002 -37"><span class='ocrx_word' id='word_1_158' title='bbox 150 2110 379 2176; x_wconf 81' lang='lat' dir='ltr'>admirantium</span> <span class='ocrx_word' id='word_1_159' title='bbox 407 2112 493 2177; x_wconf 92' lang='lat' dir='ltr'>unde</span> <span class='ocrx_word' id='word_1_160' title='bbox 520 2113 580 2178; x_wconf 92' lang='lat' dir='ltr'>hoc</span> <span class='ocrx_word' id='word_1_161' title='bbox 610 2112 860 2213; x_wconf 85' lang='lat' dir='ltr'>philosophandi</span> <span class='ocrx_word' id='word_1_162' title='bbox 891 2113 983 2199; x_wconf 90' lang='lat' dir='ltr'>nobis</span> <span class='ocrx_word' id='word_1_163' title='bbox 1015 2112 1123 2177; x_wconf 91' lang='lat' dir='ltr'>subito</span> <span class='ocrx_word' id='word_1_164' title='bbox 1155 2111 1300 2176; x_wconf 92' lang='lat' dir='ltr'>studium</span> 
     </span>
     <span class='ocr_line' id='line_1_18' title="bbox 150 2214 1301 2303; baseline 0 -25"><span class='ocrx_word' id='word_1_165' title='bbox 150 2214 335 2303; x_wconf 81' lang='lat' dir='ltr'>exstitisset</span> <span class='ocrx_word' id='word_1_166' title='bbox 358 2215 478 2301; x_wconf 89' lang='lat' dir='ltr'>partim</span> <span class='ocrx_word' id='word_1_167' title='bbox 500 2215 579 2300; x_wconf 89' lang='lat' dir='ltr'>quid</span> <span class='ocrx_word' id='word_1_168' title='bbox 601 2239 729 2302; x_wconf 86' lang='lat' dir='ltr'>quaque</span> <span class='ocrx_word' id='word_1_169' title='bbox 759 2216 799 2280; x_wconf 87' lang='lat' dir='ltr'>de</span> <span class='ocrx_word' id='word_1_170' title='bbox 829 2239 863 2280; x_wconf 91' lang='lat' dir='ltr'>re</span> <span class='ocrx_word' id='word_1_171' title='bbox 893 2216 972 2281; x_wconf 89' lang='lat' dir='ltr'>certi</span> <span class='ocrx_word' id='word_1_172' title='bbox 1001 2215 1193 2280; x_wconf 85' lang='lat' dir='ltr'>haberemus</span> <span class='ocrx_word' id='word_1_173' title='bbox 1221 2214 1301 2285; x_wconf 81' lang='lat' dir='ltr'>scire</span> 
     </span>
     <span class='ocr_line' id='line_1_19' title="bbox 149 2296 1301 2413; baseline 0.001 -30"><span class='ocrx_word' id='word_1_174' title='bbox 149 2296 359 2404; x_wconf 83' lang='lat' dir='ltr'>cupientium.</span> <span class='ocrx_word' id='word_1_175' title='bbox 409 2319 525 2386; x_wconf 86' lang='lat' dir='ltr'>Multis</span> <span class='ocrx_word' id='word_1_176' title='bbox 554 2323 652 2413; x_wconf 84' lang='lat' dir='ltr'>ctiam</span> <span class='ocrx_word' id='word_1_177' title='bbox 684 2323 769 2388; x_wconf 90' lang='lat' dir='ltr'>sensi</span> <span class='ocrx_word' id='word_1_178' title='bbox 798 2322 946 2387; x_wconf 89' lang='lat' dir='ltr'>mirabile</span> <span class='ocrx_word' id='word_1_179' title='bbox 976 2322 1077 2387; x_wconf 90' lang='lat' dir='ltr'>videri</span> <span class='ocrx_word' id='word_1_180' title='bbox 1107 2343 1179 2386; x_wconf 88' lang='lat' dir='ltr'>earn</span> <span class='ocrx_word' id='word_1_181' title='bbox 1208 2321 1301 2386; x_wconf 90' lang='lat' dir='ltr'>nobis</span> 
     </span>
     <span class='ocr_line' id='line_1_20' title="bbox 148 2423 1300 2521; baseline 0 -33"><span class='ocrx_word' id='word_1_182' title='bbox 148 2423 354 2506; x_wconf 88' lang='lat' dir='ltr'>potissimum</span> <span class='ocrx_word' id='word_1_183' title='bbox 371 2425 541 2521; x_wconf 83' lang='lat' dir='ltr'>&#39;prohatam</span> <span class='ocrx_word' id='word_1_184' title='bbox 565 2432 633 2490; x_wconf 80' lang='lat' dir='ltr'>esse</span> <span class='ocrx_word' id='word_1_185' title='bbox 655 2424 899 2512; x_wconf 87' lang='lat' dir='ltr'>philosophiam,</span> <span class='ocrx_word' id='word_1_186' title='bbox 923 2448 1006 2510; x_wconf 86' lang='lat' dir='ltr'>quae</span> <span class='ocrx_word' id='word_1_187' title='bbox 1029 2426 1134 2489; x_wconf 91' lang='lat' dir='ltr'>lucem</span> <span class='ocrx_word' id='word_1_188' title='bbox 1162 2425 1300 2510; x_wconf 88' lang='lat' dir='ltr'>eriperet</span> 
     </span>
     <span class='ocr_line' id='line_1_21' title="bbox 98 2527 1301 2614; baseline 0 -24"><span class='ocrx_word' id='word_1_189' title='bbox 98 2534 183 2592; x_wconf 87' lang='lat' dir='ltr'>20et</span> <span class='ocrx_word' id='word_1_190' title='bbox 205 2527 296 2613; x_wconf 92' lang='lat' dir='ltr'>quasi</span> <span class='ocrx_word' id='word_1_191' title='bbox 317 2536 445 2593; x_wconf 87' lang='lat' dir='ltr'>noctem</span> <span class='ocrx_word' id='word_1_192' title='bbox 469 2528 632 2614; x_wconf 89' lang='lat' dir='ltr'>quandam</span> <span class='ocrx_word' id='word_1_193' title='bbox 653 2530 748 2594; x_wconf 90' lang='lat' dir='ltr'>rebus</span> <span class='ocrx_word' id='word_1_194' title='bbox 770 2529 960 2606; x_wconf 87' lang='lat' dir='ltr'>offunderet,</span> <span class='ocrx_word' id='word_1_195' title='bbox 976 2528 1185 2612; x_wconf 75' lang='lat' dir='ltr'>desertaeque</span> <span class='ocrx_word' id='word_1_196' title='bbox 1208 2527 1301 2592; x_wconf 89' lang='lat' dir='ltr'>disei-</span> 
     </span>
     <span class='ocr_line' id='line_1_22' title="bbox 149 2630 1301 2719; baseline 0 -25"><span class='ocrx_word' id='word_1_197' title='bbox 149 2631 258 2716; x_wconf 88' lang='lat' dir='ltr'>plinae</span> <span class='ocrx_word' id='word_1_198' title='bbox 273 2631 386 2718; x_wconf 89' lang='lat' dir='ltr'>etjam</span> <span class='ocrx_word' id='word_1_199' title='bbox 401 2632 586 2718; x_wconf 83' lang='lat' dir='ltr'>pridem¹</span> <span class='ocrx_word' id='word_1_200' title='bbox 543 2656 587 2697; x_wconf 89' lang='lat' dir='ltr'>re</span> <span class='ocrx_word' id='word_1_201' title='bbox 591 2633 635 2698; x_wconf 88' lang='lat' dir='ltr'>iet</span> <span class='ocrx_word' id='word_1_202' title='bbox 636 2655 674 2698; x_wconf 89' lang='lat' dir='ltr'>ae</span> <span class='ocrx_word' id='word_1_203' title='bbox 689 2656 731 2719; x_wconf 91' lang='lat' dir='ltr'>pa</span> <span class='ocrx_word' id='word_1_204' title='bbox 733 2632 904 2697; x_wconf 89' lang='lat' dir='ltr'>trocinium</span> <span class='ocrx_word' id='word_1_205' title='bbox 921 2630 1149 2716; x_wconf 88' lang='lat' dir='ltr'>necopinatum</span> <span class='ocrx_word' id='word_1_206' title='bbox 1169 2653 1189 2695; x_wconf 91' lang='lat' dir='ltr'>a</span> <span class='ocrx_word' id='word_1_207' title='bbox 1208 2631 1301 2696; x_wconf 91' lang='lat' dir='ltr'>nobis</span> 
     </span>
     <span class='ocr_line' id='line_1_23' title="bbox 149 2731 1358 2821; baseline 0.002 -24"><span class='ocrx_word' id='word_1_208' title='bbox 149 2755 218 2797; x_wconf 89' lang='lat' dir='ltr'>esse</span> <span class='ocrx_word' id='word_1_209' title='bbox 240 2743 432 2819; x_wconf 88' lang='lat' dir='ltr'>susceptum.</span> <span class='ocrx_word' id='word_1_210' title='bbox 479 2735 552 2814; x_wconf 80' lang='lat' dir='ltr'>Qua</span> <span class='ocrx_word' id='word_1_211' title='bbox 571 2733 734 2818; x_wconf 89' lang='lat' dir='ltr'>quidem</span> <span class='ocrx_word' id='word_1_212' title='bbox 724 2755 758 2797; x_wconf 89' lang='grc' dir='ltr'>ιιι</span> <span class='ocrx_word' id='word_1_213' title='bbox 780 2756 877 2798; x_wconf 90' lang='lat' dir='ltr'>causa</span> <span class='ocrx_word' id='word_1_214' title='bbox 899 2742 934 2797; x_wconf 88' lang='lat' dir='ltr'>et</span> <span class='ocrx_word' id='word_1_215' title='bbox 957 2732 1129 2797; x_wconf 90' lang='lat' dir='ltr'>benevolos</span> <span class='ocrx_word' id='word_1_216' title='bbox 1152 2731 1299 2819; x_wconf 85' lang='lat' dir='ltr'>objurga·</span> <span class='ocrx_word' id='word_1_217' title='bbox 1314 2742 1358 2821; x_wconf 78' lang='lat'>(5)</span> 
     </span>
     <span class='ocr_line' id='line_1_24' title="bbox 148 2836 1302 2922; baseline 0 -22"><span class='ocrx_word' id='word_1_218' title='bbox 148 2845 234 2901; x_wconf 90' lang='lat' dir='ltr'>tores</span> <span class='ocrx_word' id='word_1_219' title='bbox 257 2836 384 2921; x_wconf 86' lang='lat' dir='ltr'>placare</span> <span class='ocrx_word' id='word_1_220' title='bbox 407 2845 442 2902; x_wconf 90' lang='grc' dir='ltr'>ι</span> <span class='ocrx_word' id='word_1_221' title='bbox 428 2836 591 2902; x_wconf 88' lang='lat' dir='ltr'>tinvidos</span> <span class='ocrx_word' id='word_1_222' title='bbox 614 2837 848 2922; x_wconf 88' lang='lat' dir='ltr'>vituperatores</span> <span class='ocrx_word' id='word_1_223' title='bbox 872 2836 1037 2900; x_wconf 86' lang='lat' dir='ltr'>confutare</span> <span class='ocrx_word' id='word_1_224' title='bbox 1062 2858 1239 2922; x_wconf 90' lang='lat' dir='ltr'>possumus,</span> <span class='ocrx_word' id='word_1_225' title='bbox 1263 2844 1302 2901; x_wconf 94' lang='lat' dir='ltr'>ut</span> 
     </span>
     <span class='ocr_line' id='line_1_25' title="bbox 139 2926 1301 3026; baseline 0.001 -23"><span class='ocrx_word' id='word_1_226' title='bbox 139 2939 264 3004; x_wconf 80' lang='lat' dir='ltr'>&#39;alteros</span> <span class='ocrx_word' id='word_1_227' title='bbox 289 2926 531 3026; x_wconf 81' lang='lat' dir='ltr'>reprehendisse</span> <span class='ocrx_word' id='word_1_228' title='bbox 557 2940 730 3025; x_wconf 89' lang='lat' dir='ltr'>paeniteat,</span> <span class='ocrx_word' id='word_1_229' title='bbox 757 2940 852 3004; x_wconf 87' lang='lat' dir='ltr'>alteri</span> <span class='ocrx_word' id='word_1_230' title='bbox 878 2941 1028 3006; x_wconf 80' lang='lat' dir='ltr'>didicisse</span> <span class='ocrx_word' id='word_1_231' title='bbox 1055 2963 1089 3004; x_wconf 91' lang='lat' dir='ltr'>se</span> <span class='ocrx_word' id='word_1_232' title='bbox 1118 2940 1301 3025; x_wconf 84' lang='lat' dir='ltr'>gaudeant3</span> 
     </span>
     <span class='ocr_line' id='line_1_26' title="bbox 98 3041 1302 3130; baseline -0.002 -23"><span class='ocrx_word' id='word_1_233' title='bbox 98 3065 134 3125; x_wconf 86' lang='lat'>25</span> <span class='ocrx_word' id='word_1_234' title='bbox 149 3065 224 3107; x_wconf 86' lang='lat' dir='ltr'>narn</span> <span class='ocrx_word' id='word_1_235' title='bbox 240 3042 296 3129; x_wconf 92' lang='lat' dir='ltr'>qui</span> <span class='ocrx_word' id='word_1_236' title='bbox 311 3043 486 3108; x_wconf 85' lang='lat' dir='ltr'>admonent</span> <span class='ocrx_word' id='word_1_237' title='bbox 501 3044 611 3122; x_wconf 88' lang='lat' dir='ltr'>amice,</span> <span class='ocrx_word' id='word_1_238' title='bbox 626 3044 761 3108; x_wconf 88' lang='lat' dir='ltr'>docendi</span> <span class='ocrx_word' id='word_1_239' title='bbox 776 3051 860 3122; x_wconf 89' lang='lat' dir='ltr'>sunt,</span> <span class='ocrx_word' id='word_1_240' title='bbox 877 3043 934 3130; x_wconf 94' lang='lat' dir='ltr'>qui</span> <span class='ocrx_word' id='word_1_241' title='bbox 949 3042 1078 3107; x_wconf 90' lang='lat' dir='ltr'>inimice</span> <span class='ocrx_word' id='word_1_242' title='bbox 1095 3041 1302 3119; x_wconf 86' lang='lat' dir='ltr'>insectantur,</span> 
     </span>
     <span class='ocr_line' id='line_1_27' title="bbox 148 3145 1302 3232; baseline 0.002 -22"><span class='ocrx_word' id='word_1_243' title='bbox 148 3147 332 3232; x_wconf 89' lang='lat' dir='ltr'>repellendi.</span> <span class='ocrx_word' id='word_1_244' title='bbox 377 3147 447 3211; x_wconf 90' lang='lat' dir='ltr'>Nos</span> <span class='ocrx_word' id='word_1_245' title='bbox 469 3158 579 3213; x_wconf 86' lang='lat' dir='ltr'>autem</span> <span class='ocrx_word' id='word_1_246' title='bbox 602 3171 660 3212; x_wconf 90' lang='lat' dir='ltr'>nee</span> <span class='ocrx_word' id='word_1_247' title='bbox 682 3149 789 3213; x_wconf 85' lang='lat' dir='ltr'>subito</span> <span class='ocrx_word' id='word_1_248' title='bbox 813 3148 976 3232; x_wconf 87' lang='lat' dir='ltr'>coepimus</span> <span class='ocrx_word' id='word_1_249' title='bbox 999 3145 1216 3232; x_wconf 88' lang='lat' dir='ltr'>philosophari</span> <span class='ocrx_word' id='word_1_250' title='bbox 1242 3167 1302 3212; x_wconf 89' lang='lat' dir='ltr'>nec</span> 
     </span>
     <span class='ocr_line' id='line_1_28' title="bbox 148 3251 1300 3348; baseline -0.001 -33"><span class='ocrx_word' id='word_1_251' title='bbox 148 3251 340 3316; x_wconf 85' lang='lat' dir='ltr'>mediocrem</span> <span class='ocrx_word' id='word_1_252' title='bbox 353 3253 491 3348; x_wconf 82' lang='lat' dir='ltr'>aprime</span> <span class='ocrx_word' id='word_1_253' title='bbox 507 3261 651 3339; x_wconf 87' lang='lat' dir='ltr'>tempore</span> <span class='ocrx_word' id='word_1_254' title='bbox 667 3262 754 3318; x_wconf 86' lang='lat' dir='ltr'>aetat</span> <span class='ocrx_word' id='word_1_255' title='bbox 741 3253 782 3318; x_wconf 93' lang='lat' dir='ltr'>tis</span> <span class='ocrx_word' id='word_1_256' title='bbox 798 3253 831 3315; x_wconf 92' lang='lat' dir='ltr'>in</span> <span class='ocrx_word' id='word_1_257' title='bbox 847 3274 884 3317; x_wconf 89' lang='lat' dir='ltr'>ee</span> <span class='ocrx_word' id='word_1_258' title='bbox 899 3261 929 3316; x_wconf 91' lang='lat' dir='ltr'>st</span> <span class='ocrx_word' id='word_1_259' title='bbox 917 3251 1008 3316; x_wconf 91' lang='lat' dir='ltr'>tudio</span> <span class='ocrx_word' id='word_1_260' title='bbox 1027 3273 1156 3335; x_wconf 90' lang='lat' dir='ltr'>operam</span> <span class='ocrx_word' id='word_1_261' title='bbox 1177 3272 1300 3315; x_wconf 89' lang='lat' dir='ltr'>curam-</span> 
     </span>
     <span class='ocr_line' id='line_1_29' title="bbox 148 3352 1300 3445; baseline 0 -29"><span class='ocrx_word' id='word_1_262' title='bbox 148 3374 211 3437; x_wconf 87' lang='lat' dir='ltr'>que</span> <span class='ocrx_word' id='word_1_263' title='bbox 237 3354 501 3440; x_wconf 73' lang='lat' dir='ltr'>consumpsimus</span> <span class='ocrx_word' id='word_1_264' title='bbox 524 3363 565 3432; x_wconf 86' lang='lat' dir='ltr'>et,</span> <span class='ocrx_word' id='word_1_265' title='bbox 588 3377 661 3419; x_wconf 91' lang='lat' dir='ltr'>cum</span> <span class='ocrx_word' id='word_1_266' title='bbox 684 3355 818 3419; x_wconf 89' lang='lat' dir='ltr'>minime</span> <span class='ocrx_word' id='word_1_267' title='bbox 840 3353 1038 3445; x_wconf 80' lang='lat' dir='ltr'>videbamur,</span> <span class='ocrx_word' id='word_1_268' title='bbox 1063 3363 1135 3417; x_wconf 87' lang='lat' dir='ltr'>tum</span> <span class='ocrx_word' id='word_1_269' title='bbox 1160 3352 1300 3416; x_wconf 85' lang='lat' dir='ltr'>maxime</span> 
     </span>
     <span class='ocr_line' id='line_1_30' title="bbox 148 3434 1300 3541; baseline 0.001 -23"><span class='ocrx_word' id='word_1_270' title='bbox 148 3454 461 3540; x_wconf 88' lang='lat' dir='ltr'>philosophabamur,</span> <span class='ocrx_word' id='word_1_271' title='bbox 476 3458 562 3541; x_wconf 92' lang='lat' dir='ltr'>quod</span> <span class='ocrx_word' id='word_1_272' title='bbox 583 3465 616 3521; x_wconf 94' lang='lat' dir='ltr'>et</span> <span class='ocrx_word' id='word_1_273' title='bbox 635 3457 795 3521; x_wconf 86' lang='lat' dir='ltr'>orationes</span> <span class='ocrx_word' id='word_1_274' title='bbox 817 3434 981 3520; x_wconf 81' lang='lat' dir='ltr'>declarant</span> <span class='ocrx_word' id='word_1_275' title='bbox 1003 3456 1138 3520; x_wconf 86' lang='lat' dir='ltr'>refertae</span> <span class='ocrx_word' id='word_1_276' title='bbox 1161 3455 1300 3540; x_wconf 90' lang='lat' dir='ltr'>philoso-</span> 
     </span>
     <span class='ocr_line' id='line_1_31' title="bbox 96 3558 1300 3648; baseline -0.002 -26"><span class='ocrx_word' id='word_1_277' title='bbox 96 3591 134 3648; x_wconf 85' lang='lat'>30</span> <span class='ocrx_word' id='word_1_278' title='bbox 148 3558 285 3643; x_wconf 91' lang='lat' dir='ltr'>phorum</span> <span class='ocrx_word' id='word_1_279' title='bbox 314 3568 444 3624; x_wconf 88' lang='lat' dir='ltr'>sentent</span> <span class='ocrx_word' id='word_1_280' title='bbox 431 3560 484 3624; x_wconf 88' lang='lat' dir='ltr'>tiis</span> <span class='ocrx_word' id='word_1_281' title='bbox 514 3569 548 3624; x_wconf 90' lang='lat' dir='ltr'>et</span> <span class='ocrx_word' id='word_1_282' title='bbox 577 3559 831 3624; x_wconf 89' lang='lat' dir='ltr'>doctissimorum</span> <span class='ocrx_word' id='word_1_283' title='bbox 861 3559 1028 3623; x_wconf 92' lang='lat' dir='ltr'>hominum</span> <span class='ocrx_word' id='word_1_284' title='bbox 1058 3558 1300 3635; x_wconf 85' lang='lat' dir='ltr'>familiaritates,</span> 
     </span>
     <span class='ocr_line' id='line_1_32' title="bbox 147 3658 1299 3746; baseline 0.001 -25"><span class='ocrx_word' id='word_1_285' title='bbox 147 3658 265 3742; x_wconf 91' lang='lat' dir='ltr'>quibus</span> <span class='ocrx_word' id='word_1_286' title='bbox 279 3681 406 3745; x_wconf 86' lang='lat' dir='ltr'>semper</span> <span class='ocrx_word' id='word_1_287' title='bbox 420 3659 534 3725; x_wconf 90' lang='lat' dir='ltr'>demus</span> <span class='ocrx_word' id='word_1_288' title='bbox 549 3669 657 3725; x_wconf 86' lang='lat' dir='ltr'>nostra</span> <span class='ocrx_word' id='word_1_289' title='bbox 678 3660 794 3739; x_wconf 90' lang='lat' dir='ltr'>floruit,</span> <span class='ocrx_word' id='word_1_290' title='bbox 815 3669 849 3725; x_wconf 91' lang='lat' dir='ltr'>et</span> <span class='ocrx_word' id='word_1_291' title='bbox 870 3660 1030 3746; x_wconf 88' lang='lat' dir='ltr'>principes</span> <span class='ocrx_word' id='word_1_292' title='bbox 1054 3659 1111 3736; x_wconf 91' lang='lat' dir='ltr'>illi,</span> <span class='ocrx_word' id='word_1_293' title='bbox 1131 3659 1299 3736; x_wconf 88' lang='lat' dir='ltr'>Diodotus,</span> 
     </span>
     <span class='ocr_line' id='line_1_33' title="bbox 147 3760 1329 3849; baseline 0.001 -26"><span class='ocrx_word' id='word_1_294' title='bbox 147 3760 249 3838; x_wconf 91' lang='lat' dir='ltr'>Phile,</span> <span class='ocrx_word' id='word_1_295' title='bbox 268 3761 457 3840; x_wconf 87' lang='lat' dir='ltr'>Antiochus,</span> <span class='ocrx_word' id='word_1_296' title='bbox 477 3763 675 3841; x_wconf 74' lang='lat' dir='ltr'>Posidonius</span> <span class='ocrx_word' id='word_1_297' title='bbox 697 3763 857 3849; x_wconf 88' lang='lat' dir='ltr'>aquibus</span> <span class='ocrx_word' id='word_1_298' title='bbox 880 3763 1021 3827; x_wconf 91' lang='lat' dir='ltr'>instituti</span> <span class='ocrx_word' id='word_1_299' title='bbox 1043 3784 1160 3826; x_wconf 81' lang='lat' dir='ltr'>sumus</span> <span class='ocrx_word' id='word_1_300' title='bbox 1206 3762 1249 3825; x_wconf 90' lang='lat' dir='ltr'>Et</span> <span class='ocrx_word' id='word_1_301' title='bbox 1271 3761 1329 3825; x_wconf 77' lang='lat' dir='ltr'>si?</span> 
     </span>
     <span class='ocr_line' id='line_1_34' title="bbox 147 3862 1299 3952; baseline -0.004 -22"><span class='ocrx_word' id='word_1_302' title='bbox 147 3865 255 3930; x_wconf 86' lang='lat' dir='ltr'>omnia</span> <span class='ocrx_word' id='word_1_303' title='bbox 276 3865 496 3951; x_wconf 89' lang='lat' dir='ltr'>philosophiae</span> <span class='ocrx_word' id='word_1_304' title='bbox 519 3875 690 3952; x_wconf 88' lang='lat' dir='ltr'>praecepta</span> <span class='ocrx_word' id='word_1_305' title='bbox 712 3866 893 3930; x_wconf 90' lang='lat' dir='ltr'>referuntur</span> <span class='ocrx_word' id='word_1_306' title='bbox 914 3864 955 3929; x_wconf 93' lang='lat' dir='ltr'>ad</span> <span class='ocrx_word' id='word_1_307' title='bbox 977 3864 1087 3941; x_wconf 86' lang='lat' dir='ltr'>vitam,</span> <span class='ocrx_word' id='word_1_308' title='bbox 1106 3862 1299 3927; x_wconf 89' lang='lat' dir='ltr'>arbitramur</span> 
     </span>
     <span class='ocr_line' id='line_1_35' title="bbox 147 3964 1297 4052; baseline -0.003 -23"><span class='ocrx_word' id='word_1_309' title='bbox 147 3988 204 4030; x_wconf 92' lang='lat' dir='ltr'>nos</span> <span class='ocrx_word' id='word_1_310' title='bbox 219 3974 252 4030; x_wconf 92' lang='lat' dir='ltr'>et</span> <span class='ocrx_word' id='word_1_311' title='bbox 267 3967 405 4051; x_wconf 89' lang='lat' dir='ltr'>publicis</span> <span class='ocrx_word' id='word_1_312' title='bbox 420 3974 454 4032; x_wconf 87' lang='lat' dir='ltr'>et</span> <span class='ocrx_word' id='word_1_313' title='bbox 468 3968 602 4052; x_wconf 90' lang='lat' dir='ltr'>privatis</span> <span class='ocrx_word' id='word_1_314' title='bbox 617 3968 651 4031; x_wconf 91' lang='lat' dir='ltr'>in</span> <span class='ocrx_word' id='word_1_315' title='bbox 667 3968 762 4031; x_wconf 87' lang='lat' dir='ltr'>rebus</span> <span class='ocrx_word' id='word_1_316' title='bbox 778 3988 816 4031; x_wconf 93' lang='lat' dir='ltr'>ca</span> <span class='ocrx_word' id='word_1_317' title='bbox 830 3965 1037 4051; x_wconf 85' lang='lat' dir='ltr'>praestitisse,</span> <span class='ocrx_word' id='word_1_318' title='bbox 1056 3985 1139 4048; x_wconf 86' lang='lat' dir='ltr'>quae</span> <span class='ocrx_word' id='word_1_319' title='bbox 1161 3964 1243 4027; x_wconf 89' lang='lat' dir='ltr'>ratio</span> <span class='ocrx_word' id='word_1_320' title='bbox 1264 3971 1297 4027; x_wconf 91' lang='lat' dir='ltr'>et</span> 
     </span>
     <span class='ocr_line' id='line_1_36' title="bbox 95 4066 1298 4157; baseline -0.001 -26"><span class='ocrx_word' id='word_1_321' title='bbox 95 4090 131 4150; x_wconf 85' lang='lat'>35</span> <span class='ocrx_word' id='word_1_322' title='bbox 147 4068 290 4134; x_wconf 86' lang='lat' dir='ltr'>doctrina</span> <span class='ocrx_word' id='word_1_323' title='bbox 304 4071 550 4157; x_wconf 84' lang='lat' dir='ltr'>praescripserit.</span> <span class='ocrx_word' id='word_1_324' title='bbox 581 4072 639 4136; x_wconf 90' lang='lat' dir='ltr'>IV.</span> <span class='ocrx_word' id='word_1_325' title='bbox 663 4071 722 4137; x_wconf 84' lang='lat' dir='ltr'>Sin</span> <span class='ocrx_word' id='word_1_326' title='bbox 736 4071 848 4135; x_wconf 88' lang='lat' dir='ltr'>autern</span> <span class='ocrx_word' id='word_1_327' title='bbox 864 4069 936 4153; x_wconf 92' lang='lat' dir='ltr'>quis</span> <span class='ocrx_word' id='word_1_328' title='bbox 951 4066 1093 4150; x_wconf 90' lang='lat' dir='ltr'>requirit,</span> <span class='ocrx_word' id='word_1_329' title='bbox 1105 4089 1189 4152; x_wconf 89' lang='lat' dir='ltr'>quae</span> <span class='ocrx_word' id='word_1_330' title='bbox 1203 4088 1298 4131; x_wconf 88' lang='lat' dir='ltr'>causa</span> 
     </span>
    </p>
   </div>
   <div class='ocr_carea' id='block_1_3' title="bbox 145 4201 1312 4352">
    <p class='ocr_par' dir='ltr' id='par_1_3' title="bbox 145 4201 1312 4352">
     <span class='ocr_line' id='line_1_37' title="bbox 194 4201 1298 4270; baseline -0.004 -16"><span class='ocrx_word' id='word_1_331' title='bbox 194 4205 210 4254; x_wconf 82' lang='grc'><strong>6</strong></span> <span class='ocrx_word' id='word_1_332' title='bbox 227 4221 256 4255; x_wconf 87' lang='lat' dir='ltr'>ec</span> <span class='ocrx_word' id='word_1_333' title='bbox 273 4208 330 4270; x_wconf 76' lang='lat' dir='ltr'>ipsc</span> <span class='ocrx_word' id='word_1_334' title='bbox 346 4220 403 4268; x_wconf 85' lang='lat' dir='ltr'>uss,</span> <span class='ocrx_word' id='word_1_335' title='bbox 422 4221 484 4256; x_wconf 89' lang='lat' dir='ltr'>cerr.</span> <span class='ocrx_word' id='word_1_336' title='bbox 498 4205 642 4256; x_wconf 78' lang='lat' dir='ltr'>cadmia</span> <span class='ocrx_word' id='word_1_337' title='bbox 659 4208 683 4255; x_wconf 79' lang='grc' dir='ltr'>ιι·</span> <span class='ocrx_word' id='word_1_338' title='bbox 699 4208 750 4269; x_wconf 75' lang='lat' dir='ltr'>ipat</span> <span class='ocrx_word' id='word_1_339' title='bbox 761 4207 791 4267; x_wconf 91' lang='lat' dir='ltr'>B,</span> <span class='ocrx_word' id='word_1_340' title='bbox 805 4212 830 4255; x_wconf 85' lang='lat' dir='ltr'>et</span> <span class='ocrx_word' id='word_1_341' title='bbox 846 4206 897 4267; x_wconf 75' lang='lat' dir='ltr'>ipra·</span> <span class='ocrx_word' id='word_1_342' title='bbox 913 4201 998 4260; x_wconf 85' lang='lat' dir='ltr'>Bouh,</span> <span class='ocrx_word' id='word_1_343' title='bbox 1015 4217 1045 4251; x_wconf 85' lang='lat' dir='ltr'>ec</span> <span class='ocrx_word' id='word_1_344' title='bbox 1059 4203 1110 4266; x_wconf 76' lang='lat' dir='ltr'>ipsi</span> <span class='ocrx_word' id='word_1_345' title='bbox 1125 4202 1218 4254; x_wconf 66' lang='lat' dir='ltr'>Heind,</span> <span class='ocrx_word' id='word_1_346' title='bbox 1231 4202 1298 4253; x_wconf 79' lang='lat' dir='ltr'>aster</span> 
     </span>
     <span class='ocr_line' id='line_1_38' title="bbox 145 4283 1312 4352; baseline 0.003 -19"><span class='ocrx_word' id='word_1_347' title='bbox 145 4285 208 4335; x_wconf 87' lang='lat' dir='ltr'>Em.</span> <span class='ocrx_word' id='word_1_348' title='bbox 334 4286 366 4335; x_wconf 81' lang='lat'>14</span> <span class='ocrx_word' id='word_1_349' title='bbox 384 4289 693 4352; x_wconf 78' lang='lat' dir='ltr'>multum—susceptura</span> <span class='ocrx_word' id='word_1_350' title='bbox 708 4287 806 4337; x_wconf 79' lang='lat' dir='ltr'>felleus</span> <span class='ocrx_word' id='word_1_351' title='bbox 823 4286 889 4338; x_wconf 82' lang='lat' dir='ltr'>after</span> <span class='ocrx_word' id='word_1_352' title='bbox 902 4283 1039 4348; x_wconf 79' lang='lat' dir='ltr'>repellendi</span> <span class='ocrx_word' id='word_1_353' title='bbox 1058 4283 1083 4349; x_wconf 76' lang='lat' dir='ltr'>(l.</span> <span class='ocrx_word' id='word_1_354' title='bbox 1099 4285 1141 4348; x_wconf 81' lang='lat'>26)</span> <span class='ocrx_word' id='word_1_355' title='bbox 1158 4284 1187 4334; x_wconf 89' lang='lat' dir='ltr'>in</span> <span class='ocrx_word' id='word_1_356' title='bbox 1200 4284 1237 4334; x_wconf 84' lang='lat' dir='ltr'>all</span> <span class='ocrx_word' id='word_1_357' title='bbox 1252 4283 1312 4336; x_wconf 66' lang='lat' dir='ltr'>the,</span> 
     </span>
    </p>
   </div>
   <div class='ocr_carea' id='block_1_4' title="bbox 146 4367 1210 4512">
    <p class='ocr_par' dir='ltr' id='par_1_4' title="bbox 146 4367 1210 4512">
     <span class='ocr_line' id='line_1_39' title="bbox 146 4367 517 4419; baseline 0.011 -6"><span class='ocrx_word' id='word_1_358' title='bbox 146 4379 196 4415; x_wconf 86' lang='lat' dir='ltr'>uss</span> <span class='ocrx_word' id='word_1_359' title='bbox 207 4367 324 4418; x_wconf 84' lang='lat' dir='ltr'>andedd.</span> <span class='ocrx_word' id='word_1_360' title='bbox 359 4368 407 4419; x_wconf 80' lang='lat' dir='ltr'>See</span> <span class='ocrx_word' id='word_1_361' title='bbox 419 4369 517 4419; x_wconf 82' lang='lat' dir='ltr'>Oomm.</span> 
     </span>
     <span class='ocr_line' id='line_1_40' title="bbox 1086 4451 1210 4512; baseline 0.008 -1"><span class='ocrx_word' id='word_1_362' title='bbox 1086 4505 1089 4510; x_wconf 90' lang='lat'>.</span> <span class='ocrx_word' id='word_1_363' title='bbox 1126 4451 1210 4512; x_wconf 81' lang='grc'>1-2</span> 
     </span>
    </p>
   </div>
   <div class='ocr_carea' id='block_1_5' title="bbox 0 0 1542 4944">
    <p class='ocr_par' dir='ltr' id='par_1_5' title="bbox 0 0 1542 4944">
     <span class='ocr_line' id='line_1_41' title="bbox 0 0 1542 4944; baseline 0 0"><span class='ocrx_word' id='word_1_364' title='bbox 0 0 1542 4944; x_wconf 95' lang='lat' dir='ltr'> </span> 
     </span>
    </p>
   </div>
  </div>
 </body>
</html>
