<?xml version="1.0" encoding="UTF-8"?>
<!DOCTYPE html PUBLIC "-//W3C//DTD XHTML 1.0 Transitional//EN"
    "http://www.w3.org/TR/xhtml1/DTD/xhtml1-transitional.dtd">
<html xmlns="http://www.w3.org/1999/xhtml" xml:lang="en" lang="en">
 <head>
  <title>
</title>
<meta http-equiv="Content-Type" content="text/html;charset=utf-8" />
  <meta name='ocr-system' content='tesseract 3.04.00' />
  <meta name='ocr-capabilities' content='ocr_page ocr_carea ocr_par ocr_line ocrx_word'/>
</head>
<body>
  <div class='ocr_page' id='page_1' title='image "./mtulliiciceroni78cicegoog/mtulliiciceroni78cicegoog_0109.png"; bbox 0 0 3076 4944; ppageno 0'>
   <div class='ocr_carea' id='block_1_1' title="bbox 247 355 1015 424">
    <p class='ocr_par' dir='ltr' id='par_1_1' title="bbox 247 355 1015 424">
     <span class='ocr_line' id='line_1_1' title="bbox 247 355 1015 424; baseline 0.008 -6"><span class='ocrx_word' id='word_1_1' title='bbox 247 355 290 419; x_wconf 75' lang='lat'>34</span> <span class='ocrx_word' id='word_1_2' title='bbox 630 370 677 418; x_wconf 84' lang='lat' dir='ltr'>uu</span> <span class='ocrx_word' id='word_1_3' title='bbox 698 371 839 420; x_wconf 73' lang='lat' dir='ltr'>aarum</span> <span class='ocrx_word' id='word_1_4' title='bbox 862 372 1015 424; x_wconf 79' lang='lat' dir='ltr'>urorum,</span> 
     </span>
    </p>
   </div>
   <div class='ocr_carea' id='block_1_2' title="bbox 193 516 1448 2581">
    <p class='ocr_par' dir='ltr' id='par_1_2' title="bbox 193 516 1448 2581">
     <span class='ocr_line' id='line_1_2' title="bbox 247 516 1399 607; baseline 0.007 -26"><span class='ocrx_word' id='word_1_5' title='bbox 247 538 328 594; x_wconf 91' lang='lat' dir='ltr'>sum,</span> <span class='ocrx_word' id='word_1_6' title='bbox 343 516 429 582; x_wconf 92' lang='lat' dir='ltr'>unde</span> <span class='ocrx_word' id='word_1_7' title='bbox 444 518 486 582; x_wconf 92' lang='lat' dir='ltr'>ad</span> <span class='ocrx_word' id='word_1_8' title='bbox 505 517 582 582; x_wconf 87' lang='lat' dir='ltr'>istas</span> <span class='ocrx_word' id='word_1_9' title='bbox 604 519 770 604; x_wconf 86' lang='lat' dir='ltr'>opiniones</span> <span class='ocrx_word' id='word_1_10' title='bbox 785 528 892 586; x_wconf 89' lang='lat' dir='ltr'>vester</span> <span class='ocrx_word' id='word_1_11' title='bbox 913 522 968 585; x_wconf 89' lang='lat' dir='ltr'>ille</span> <span class='ocrx_word' id='word_1_12' title='bbox 990 521 1137 607; x_wconf 89' lang='lat' dir='ltr'>princeps</span> <span class='ocrx_word' id='word_1_13' title='bbox 1152 522 1286 589; x_wconf 90' lang='lat' dir='ltr'>venerit.</span> <span class='ocrx_word' id='word_1_14' title='bbox 1332 521 1399 589; x_wconf 81' lang='lat' dir='ltr'>Sed</span> 
     </span>
     <span class='ocr_line' id='line_1_3' title="bbox 246 621 1398 703; baseline 0.004 -17"><span class='ocrx_word' id='word_1_15' title='bbox 246 621 384 687; x_wconf 82' lang='lat' dir='ltr'>clamere</span> <span class='ocrx_word' id='word_1_16' title='bbox 408 643 473 686; x_wconf 92' lang='lat' dir='ltr'>non</span> <span class='ocrx_word' id='word_1_17' title='bbox 503 622 652 688; x_wconf 89' lang='lat' dir='ltr'>desinitis</span> <span class='ocrx_word' id='word_1_18' title='bbox 680 623 887 689; x_wconf 88' lang='lat' dir='ltr'>retinendum</span> <span class='ocrx_word' id='word_1_19' title='bbox 916 626 978 690; x_wconf 91' lang='lat' dir='ltr'>hoc</span> <span class='ocrx_word' id='word_1_20' title='bbox 1006 647 1083 703; x_wconf 91' lang='lat' dir='ltr'>esse,</span> <span class='ocrx_word' id='word_1_21' title='bbox 1107 626 1187 691; x_wconf 85' lang='lat' dir='ltr'>deus</span> <span class='ocrx_word' id='word_1_22' title='bbox 1215 634 1255 690; x_wconf 91' lang='lat' dir='ltr'>ut</span> <span class='ocrx_word' id='word_1_23' title='bbox 1282 625 1398 691; x_wconf 86' lang='lat' dir='ltr'>beatus</span> 
     </span>
     <span class='ocr_line' id='line_1_4' title="bbox 246 723 1398 828; baseline 0.004 -41"><span class='ocrx_word' id='word_1_24' title='bbox 246 723 501 811; x_wconf 87' lang='lat' dir='ltr'>immortalisque</span> <span class='ocrx_word' id='word_1_25' title='bbox 516 725 568 792; x_wconf 89' lang='lat' dir='ltr'>sit.</span> <span class='ocrx_word' id='word_1_26' title='bbox 615 726 700 807; x_wconf 80' lang='lat' dir='ltr'>Quid</span> <span class='ocrx_word' id='word_1_27' title='bbox 717 735 827 792; x_wconf 88' lang='lat' dir='ltr'>autem</span> <span class='ocrx_word' id='word_1_28' title='bbox 843 728 957 807; x_wconf 78' lang='lat' dir='ltr'>obstat,</span> <span class='ocrx_word' id='word_1_29' title='bbox 972 750 1037 828; x_wconf 79' lang='lat' dir='ltr'>qup</span> <span class='ocrx_word' id='word_1_30' title='bbox 1051 729 1159 827; x_wconf 67' lang='lat' dir='ltr'>minus</span> <span class='ocrx_word' id='word_1_31' title='bbox 1175 729 1218 793; x_wconf 91' lang='lat' dir='ltr'>sit</span> <span class='ocrx_word' id='word_1_32' title='bbox 1231 729 1356 806; x_wconf 89' lang='lat' dir='ltr'>beatus,</span> <span class='ocrx_word' id='word_1_33' title='bbox 1370 727 1398 792; x_wconf 88' lang='lat' dir='ltr'>si</span> 
     </span>
     <span class='ocr_line' id='line_1_5' title="bbox 246 830 1398 916; baseline 0 -21"><span class='ocrx_word' id='word_1_34' title='bbox 246 830 370 896; x_wconf 90' lang='lat' dir='ltr'>nonsit</span> <span class='ocrx_word' id='word_1_35' title='bbox 385 830 502 916; x_wconf 84' lang='lat' dir='ltr'>bipesi</span> <span class='ocrx_word' id='word_1_36' title='bbox 523 839 582 897; x_wconf 91' lang='lat' dir='ltr'>aut</span> <span class='ocrx_word' id='word_1_37' title='bbox 601 831 674 913; x_wconf 90' lang='lat' dir='ltr'>ista,</span> <span class='ocrx_word' id='word_1_38' title='bbox 690 832 758 897; x_wconf 88' lang='lat' dir='ltr'>sive</span> <span class='ocrx_word' id='word_1_39' title='bbox 774 832 913 897; x_wconf 78' lang='lat' dir='ltr'>beatitas</span> <span class='ocrx_word' id='word_1_40' title='bbox 927 831 995 898; x_wconf 90' lang='lat' dir='ltr'>sive</span> <span class='ocrx_word' id='word_1_41' title='bbox 1015 833 1182 897; x_wconf 77' lang='lat' dir='ltr'>beatitudo</span> <span class='ocrx_word' id='word_1_42' title='bbox 1198 831 1334 897; x_wconf 91' lang='lat' dir='ltr'>dicenda</span> <span class='ocrx_word' id='word_1_43' title='bbox 1348 839 1398 895; x_wconf 89' lang='lat' dir='ltr'>est</span> 
     </span>
     <span class='ocr_line' id='line_1_6' title="bbox 247 935 1447 1026; baseline -0.002 -26"><span class='ocrx_word' id='word_1_44' title='bbox 247 939 434 1022; x_wconf 87' lang='lat' dir='ltr'>(utrumque</span> <span class='ocrx_word' id='word_1_45' title='bbox 449 937 581 1002; x_wconf 92' lang='lat' dir='ltr'>omnino</span> <span class='ocrx_word' id='word_1_46' title='bbox 596 937 723 1016; x_wconf 89' lang='lat' dir='ltr'>durum,</span> <span class='ocrx_word' id='word_1_47' title='bbox 740 937 796 1002; x_wconf 91' lang='lat' dir='ltr'>sed</span> <span class='ocrx_word' id='word_1_48' title='bbox 812 960 872 1002; x_wconf 90' lang='lat' dir='ltr'>usu</span> <span class='ocrx_word' id='word_1_49' title='bbox 886 936 1062 1003; x_wconf 92' lang='lat' dir='ltr'>mollienda</span> <span class='ocrx_word' id='word_1_50' title='bbox 1075 937 1168 1002; x_wconf 90' lang='lat' dir='ltr'>nobis</span> <span class='ocrx_word' id='word_1_51' title='bbox 1182 936 1281 1001; x_wconf 88' lang='lat' dir='ltr'>verba</span> <span class='ocrx_word' id='word_1_52' title='bbox 1297 935 1397 1019; x_wconf 87' lang='lat' dir='ltr'>sunt),</span> <span class='ocrx_word' id='word_1_53' title='bbox 1431 965 1447 1026; x_wconf 82' lang='lat'>5</span> 
     </span>
     <span class='ocr_line' id='line_1_7' title="bbox 246 1038 1398 1126; baseline -0.002 -24"><span class='ocrx_word' id='word_1_54' title='bbox 246 1061 358 1105; x_wconf 92' lang='lat' dir='ltr'>verum</span> <span class='ocrx_word' id='word_1_55' title='bbox 374 1062 420 1118; x_wconf 89' lang='lat' dir='ltr'>ea,</span> <span class='ocrx_word' id='word_1_56' title='bbox 435 1062 657 1126; x_wconf 89' lang='lat' dir='ltr'>quaecumque</span> <span class='ocrx_word' id='word_1_57' title='bbox 673 1048 730 1118; x_wconf 84' lang='lat' dir='ltr'>cst,</span> <span class='ocrx_word' id='word_1_58' title='bbox 745 1063 802 1105; x_wconf 91' lang='lat' dir='ltr'>cur</span> <span class='ocrx_word' id='word_1_59' title='bbox 815 1040 922 1106; x_wconf 88' lang='lat' dir='ltr'>autin</span> <span class='ocrx_word' id='word_1_60' title='bbox 938 1041 1039 1105; x_wconf 91' lang='lat' dir='ltr'>solem</span> <span class='ocrx_word' id='word_1_61' title='bbox 1058 1040 1151 1104; x_wconf 90' lang='lat' dir='ltr'>illum</span> <span class='ocrx_word' id='word_1_62' title='bbox 1173 1047 1232 1104; x_wconf 91' lang='lat' dir='ltr'>aut</span> <span class='ocrx_word' id='word_1_63' title='bbox 1253 1038 1287 1102; x_wconf 90' lang='lat' dir='ltr'>in</span> <span class='ocrx_word' id='word_1_64' title='bbox 1309 1038 1398 1102; x_wconf 91' lang='lat' dir='ltr'>hunc</span> 
     </span>
     <span class='ocr_line' id='line_1_8' title="bbox 245 1142 1396 1230; baseline -0.002 -23"><span class='ocrx_word' id='word_1_65' title='bbox 245 1144 404 1208; x_wconf 92' lang='lat' dir='ltr'>mundum</span> <span class='ocrx_word' id='word_1_66' title='bbox 420 1144 528 1209; x_wconf 91' lang='lat' dir='ltr'>autin</span> <span class='ocrx_word' id='word_1_67' title='bbox 542 1144 686 1230; x_wconf 79' lang='lat' dir='ltr'>aliquam</span> <span class='ocrx_word' id='word_1_68' title='bbox 700 1153 845 1210; x_wconf 88' lang='lat' dir='ltr'>mentem</span> <span class='ocrx_word' id='word_1_69' title='bbox 867 1152 1032 1210; x_wconf 85' lang='lat' dir='ltr'>aeternam</span> <span class='ocrx_word' id='word_1_70' title='bbox 1055 1145 1158 1230; x_wconf 88' lang='lat' dir='ltr'>figura</span> <span class='ocrx_word' id='word_1_71' title='bbox 1179 1142 1396 1226; x_wconf 87' lang='lat' dir='ltr'>membrisque</span> 
     </span>
     <span class='ocr_line' id='line_1_9' title="bbox 194 1245 1396 1339; baseline -0.002 -28"><span class='ocrx_word' id='word_1_72' title='bbox 194 1261 232 1320; x_wconf 82' lang='grc'>96</span> <span class='ocrx_word' id='word_1_73' title='bbox 245 1247 383 1333; x_wconf 82' lang='lat' dir='ltr'>corporis</span> <span class='ocrx_word' id='word_1_74' title='bbox 406 1270 541 1314; x_wconf 87' lang='lat' dir='ltr'>vacuam</span> <span class='ocrx_word' id='word_1_75' title='bbox 567 1249 680 1339; x_wconf 90' lang='lat' dir='ltr'>cadere</span> <span class='ocrx_word' id='word_1_76' title='bbox 709 1271 775 1314; x_wconf 92' lang='lat' dir='ltr'>non</span> <span class='ocrx_word' id='word_1_77' title='bbox 804 1254 934 1335; x_wconf 81' lang='lat' dir='ltr'>potesti</span> <span class='ocrx_word' id='word_1_78' title='bbox 979 1249 1072 1315; x_wconf 91' lang='lat' dir='ltr'>Nihil</span> <span class='ocrx_word' id='word_1_79' title='bbox 1098 1249 1186 1313; x_wconf 89' lang='lat' dir='ltr'>aliud</span> <span class='ocrx_word' id='word_1_80' title='bbox 1210 1247 1291 1312; x_wconf 92' lang='lat' dir='ltr'>dicis</span> <span class='ocrx_word' id='word_1_81' title='bbox 1316 1245 1396 1310; x_wconf 91' lang='lat' dir='ltr'>nisi:</span> 
     </span>
     <span class='ocr_line' id='line_1_10' title="bbox 245 1351 1396 1440; baseline -0.004 -22"><span class='ocrx_word' id='word_1_82' title='bbox 245 1352 453 1440; x_wconf 86' lang='lat' dir='ltr'>‘Numquam</span> <span class='ocrx_word' id='word_1_83' title='bbox 468 1354 534 1419; x_wconf 90' lang='lat' dir='ltr'>vidi</span> <span class='ocrx_word' id='word_1_84' title='bbox 550 1355 649 1419; x_wconf 91' lang='lat' dir='ltr'>solem</span> <span class='ocrx_word' id='word_1_85' title='bbox 664 1362 724 1419; x_wconf 86' lang='lat' dir='ltr'>aut</span> <span class='ocrx_word' id='word_1_86' title='bbox 737 1354 897 1419; x_wconf 90' lang='lat' dir='ltr'>mundum</span> <span class='ocrx_word' id='word_1_87' title='bbox 912 1354 1043 1418; x_wconf 87' lang='lat' dir='ltr'>beatum</span> <span class='ocrx_word' id='word_1_88' title='bbox 1055 1353 1070 1421; x_wconf 90' lang='lat'>’.</span> <span class='ocrx_word' id='word_1_89' title='bbox 1106 1353 1215 1433; x_wconf 69' lang='lat' dir='ltr'>Quid?</span> <span class='ocrx_word' id='word_1_90' title='bbox 1237 1351 1396 1416; x_wconf 88' lang='lat' dir='ltr'>mundum</span> 
     </span>
     <span class='ocr_line' id='line_1_11' title="bbox 244 1458 1448 1545; baseline -0.003 -23"><span class='ocrx_word' id='word_1_91' title='bbox 244 1466 372 1543; x_wconf 91' lang='lat' dir='ltr'>praeter</span> <span class='ocrx_word' id='word_1_92' title='bbox 397 1459 484 1523; x_wconf 92' lang='lat' dir='ltr'>huuc</span> <span class='ocrx_word' id='word_1_93' title='bbox 508 1481 706 1545; x_wconf 87' lang='lat' dir='ltr'>umquamne</span> <span class='ocrx_word' id='word_1_94' title='bbox 731 1459 862 1524; x_wconf 74' lang='lat' dir='ltr'>vidistit</span> <span class='ocrx_word' id='word_1_95' title='bbox 906 1459 1059 1544; x_wconf 87' lang='lat' dir='ltr'>Negabis.</span> <span class='ocrx_word' id='word_1_96' title='bbox 1105 1459 1172 1524; x_wconf 80' lang='lat' dir='ltr'>Cur</span> <span class='ocrx_word' id='word_1_97' title='bbox 1201 1458 1302 1544; x_wconf 90' lang='lat' dir='ltr'>igitur</span> <span class='ocrx_word' id='word_1_98' title='bbox 1331 1478 1394 1519; x_wconf 92' lang='lat' dir='ltr'>non</span> <span class='ocrx_word' id='word_1_99' title='bbox 1413 1488 1448 1526; x_wconf 84' lang='lat'>10</span> 
     </span>
     <span class='ocr_line' id='line_1_12' title="bbox 243 1562 1397 1640; baseline -0.001 -16"><span class='ocrx_word' id='word_1_100' title='bbox 243 1570 388 1628; x_wconf 86' lang='lat' dir='ltr'>sescenta</span> <span class='ocrx_word' id='word_1_101' title='bbox 415 1563 507 1627; x_wconf 90' lang='lat' dir='ltr'>milia</span> <span class='ocrx_word' id='word_1_102' title='bbox 536 1585 604 1628; x_wconf 89' lang='lat' dir='ltr'>esse</span> <span class='ocrx_word' id='word_1_103' title='bbox 633 1564 835 1640; x_wconf 91' lang='lat' dir='ltr'>mundorum,</span> <span class='ocrx_word' id='word_1_104' title='bbox 865 1562 921 1627; x_wconf 91' lang='lat' dir='ltr'>sed</span> <span class='ocrx_word' id='word_1_105' title='bbox 951 1563 1201 1628; x_wconf 80' lang='lat' dir='ltr'>innumerabilia</span> <span class='ocrx_word' id='word_1_106' title='bbox 1236 1582 1333 1627; x_wconf 87' lang='lat' dir='ltr'>ausus</span> <span class='ocrx_word' id='word_1_107' title='bbox 1362 1581 1397 1625; x_wconf 91' lang='lat' dir='ltr'>es</span> 
     </span>
     <span class='ocr_line' id='line_1_13' title="bbox 244 1663 1396 1751; baseline 0.002 -25"><span class='ocrx_word' id='word_1_108' title='bbox 244 1663 372 1730; x_wconf 73' lang='lat' dir='ltr'>diceret</span> <span class='ocrx_word' id='word_1_109' title='bbox 415 1665 530 1730; x_wconf 84' lang='lat' dir='ltr'>‘Ratio</span> <span class='ocrx_word' id='word_1_110' title='bbox 550 1665 680 1731; x_wconf 90' lang='lat' dir='ltr'>docuit&#39;.</span> <span class='ocrx_word' id='word_1_111' title='bbox 726 1667 811 1751; x_wconf 88' lang='lat' dir='ltr'>Ergo</span> <span class='ocrx_word' id='word_1_112' title='bbox 832 1667 893 1731; x_wconf 93' lang='lat' dir='ltr'>hoc</span> <span class='ocrx_word' id='word_1_113' title='bbox 910 1676 944 1732; x_wconf 89' lang='lat' dir='ltr'>te</span> <span class='ocrx_word' id='word_1_114' title='bbox 966 1668 1050 1732; x_wconf 87' lang='lat' dir='ltr'>ratio</span> <span class='ocrx_word' id='word_1_115' title='bbox 1073 1690 1138 1732; x_wconf 91' lang='lat' dir='ltr'>non</span> <span class='ocrx_word' id='word_1_116' title='bbox 1162 1668 1298 1744; x_wconf 87' lang='lat' dir='ltr'>docebit,</span> <span class='ocrx_word' id='word_1_117' title='bbox 1321 1687 1396 1731; x_wconf 92' lang='lat' dir='ltr'>cum</span> 
     </span>
     <span class='ocr_line' id='line_1_14' title="bbox 244 1768 1395 1855; baseline 0.003 -27"><span class='ocrx_word' id='word_1_118' title='bbox 244 1768 521 1850; x_wconf 83' lang='lat' dir='ltr'>praestantissima</span> <span class='ocrx_word' id='word_1_119' title='bbox 534 1776 652 1832; x_wconf 90' lang='lat' dir='ltr'>natura</span> <span class='ocrx_word' id='word_1_120' title='bbox 669 1777 851 1853; x_wconf 87' lang='lat' dir='ltr'>quaeratur,</span> <span class='ocrx_word' id='word_1_121' title='bbox 867 1790 968 1854; x_wconf 93' lang='lat' dir='ltr'>eaque</span> <span class='ocrx_word' id='word_1_122' title='bbox 983 1770 1080 1834; x_wconf 86' lang='lat' dir='ltr'>beata</span> <span class='ocrx_word' id='word_1_123' title='bbox 1095 1777 1129 1834; x_wconf 91' lang='lat' dir='ltr'>et</span> <span class='ocrx_word' id='word_1_124' title='bbox 1148 1778 1281 1835; x_wconf 89' lang='lat' dir='ltr'>aeterna</span> <span class='ocrx_word' id='word_1_125' title='bbox 1300 1773 1395 1855; x_wconf 91' lang='lat' dir='ltr'>(quae</span> 
     </span>
     <span class='ocr_line' id='line_1_15' title="bbox 244 1867 1395 1958; baseline 0.003 -29"><span class='ocrx_word' id='word_1_126' title='bbox 244 1867 311 1932; x_wconf 90' lang='lat' dir='ltr'>sola</span> <span class='ocrx_word' id='word_1_127' title='bbox 325 1868 436 1958; x_wconf 86' lang='lat' dir='ltr'>divina</span> <span class='ocrx_word' id='word_1_128' title='bbox 450 1879 567 1934; x_wconf 84' lang='lat' dir='ltr'>natura</span> <span class='ocrx_word' id='word_1_129' title='bbox 581 1871 654 1955; x_wconf 89' lang='lat' dir='ltr'>est),</span> <span class='ocrx_word' id='word_1_130' title='bbox 667 1879 706 1934; x_wconf 94' lang='lat' dir='ltr'>ut</span> <span class='ocrx_word' id='word_1_131' title='bbox 720 1871 967 1936; x_wconf 89' lang='lat' dir='ltr'>immortalitate</span> <span class='ocrx_word' id='word_1_132' title='bbox 982 1872 1150 1936; x_wconf 86' lang='lat' dir='ltr'>vincamur</span> <span class='ocrx_word' id='word_1_133' title='bbox 1164 1872 1206 1936; x_wconf 91' lang='lat' dir='ltr'>ab</span> <span class='ocrx_word' id='word_1_134' title='bbox 1217 1893 1256 1936; x_wconf 92' lang='lat' dir='ltr'>ea</span> <span class='ocrx_word' id='word_1_135' title='bbox 1270 1880 1395 1946; x_wconf 87' lang='lat' dir='ltr'>natura,</span> 
     </span>
     <span class='ocr_line' id='line_1_16' title="bbox 243 1969 1445 2064; baseline 0.002 -32"><span class='ocrx_word' id='word_1_136' title='bbox 243 1969 289 2033; x_wconf 89' lang='lat' dir='ltr'>sic</span> <span class='ocrx_word' id='word_1_137' title='bbox 303 1970 404 2034; x_wconf 89' lang='lat' dir='ltr'>animi</span> <span class='ocrx_word' id='word_1_138' title='bbox 418 1972 616 2057; x_wconf 87' lang='lat' dir='ltr'>praestantia</span> <span class='ocrx_word' id='word_1_139' title='bbox 631 1971 723 2051; x_wconf 92' lang='lat' dir='ltr'>vinci,</span> <span class='ocrx_word' id='word_1_140' title='bbox 739 1981 838 2058; x_wconf 91' lang='lat' dir='ltr'>atque</span> <span class='ocrx_word' id='word_1_141' title='bbox 852 1982 890 2039; x_wconf 87' lang='lat' dir='ltr'>ut</span> <span class='ocrx_word' id='word_1_142' title='bbox 904 1974 1014 2054; x_wconf 89' lang='lat' dir='ltr'>animi,</span> <span class='ocrx_word' id='word_1_143' title='bbox 1027 1975 1107 2039; x_wconf 91' lang='lat' dir='ltr'>item</span> <span class='ocrx_word' id='word_1_144' title='bbox 1122 1974 1283 2059; x_wconf 72' lang='lat' dir='ltr'>corporis?</span> <span class='ocrx_word' id='word_1_145' title='bbox 1328 1973 1395 2038; x_wconf 80' lang='lat' dir='ltr'>Cur</span> <span class='ocrx_word' id='word_1_146' title='bbox 1411 2005 1445 2064; x_wconf 79' lang='lat'>15</span> 
     </span>
     <span class='ocr_line' id='line_1_17' title="bbox 243 2072 1394 2163; baseline 0.004 -28"><span class='ocrx_word' id='word_1_147' title='bbox 243 2072 351 2157; x_wconf 89' lang='lat' dir='ltr'>igitur,</span> <span class='ocrx_word' id='word_1_148' title='bbox 367 2095 441 2138; x_wconf 88' lang='lat' dir='ltr'>cunr</span> <span class='ocrx_word' id='word_1_149' title='bbox 461 2075 576 2140; x_wconf 87' lang='lat' dir='ltr'>ceteris</span> <span class='ocrx_word' id='word_1_150' title='bbox 594 2075 690 2140; x_wconf 91' lang='lat' dir='ltr'>rebus</span> <span class='ocrx_word' id='word_1_151' title='bbox 710 2075 875 2141; x_wconf 85' lang='lat' dir='ltr'>inferiores</span> <span class='ocrx_word' id='word_1_152' title='bbox 896 2077 1006 2154; x_wconf 89' lang='lat' dir='ltr'>simus,</span> <span class='ocrx_word' id='word_1_153' title='bbox 1021 2078 1123 2142; x_wconf 86' lang='lat' dir='ltr'>forma</span> <span class='ocrx_word' id='word_1_154' title='bbox 1145 2099 1238 2163; x_wconf 89' lang='lat' dir='ltr'>pares</span> <span class='ocrx_word' id='word_1_155' title='bbox 1260 2079 1394 2140; x_wconf 73' lang='lat' dir='ltr'>sumus?</span> 
     </span>
     <span class='ocr_line' id='line_1_18' title="bbox 242 2179 1394 2268; baseline 0.001 -25"><span class='ocrx_word' id='word_1_156' title='bbox 242 2179 284 2243; x_wconf 89' lang='lat' dir='ltr'>ad</span> <span class='ocrx_word' id='word_1_157' title='bbox 298 2179 544 2248; x_wconf 88' lang='lat' dir='ltr'>similitudinem</span> <span class='ocrx_word' id='word_1_158' title='bbox 560 2180 646 2245; x_wconf 89' lang='lat' dir='ltr'>eninr</span> <span class='ocrx_word' id='word_1_159' title='bbox 657 2181 792 2248; x_wconf 84' lang='lat' dir='ltr'>deorum</span> <span class='ocrx_word' id='word_1_160' title='bbox 809 2181 940 2268; x_wconf 89' lang='lat' dir='ltr'>propius</span> <span class='ocrx_word' id='word_1_161' title='bbox 952 2181 1123 2247; x_wconf 84' lang='lat' dir='ltr'>accedebat</span> <span class='ocrx_word' id='word_1_162' title='bbox 1137 2182 1280 2245; x_wconf 87' lang='lat' dir='ltr'>humana</span> <span class='ocrx_word' id='word_1_163' title='bbox 1290 2180 1394 2244; x_wconf 89' lang='lat' dir='ltr'>virtus</span> 
     </span>
     <span class='ocr_line' id='line_1_19' title="bbox 193 2269 1393 2378; baseline 0 -30"><span class='ocrx_word' id='word_1_164' title='bbox 193 2297 231 2357; x_wconf 81' lang='grc'>97</span> <span class='ocrx_word' id='word_1_165' title='bbox 244 2305 342 2368; x_wconf 83' lang='lat' dir='ltr'>quam</span> <span class='ocrx_word' id='word_1_166' title='bbox 357 2269 492 2378; x_wconf 50' lang='lat' dir='ltr'>figurasst</span> <span class='ocrx_word' id='word_1_167' title='bbox 510 2285 645 2351; x_wconf 91' lang='lat' dir='ltr'>XXXV.</span> <span class='ocrx_word' id='word_1_168' title='bbox 689 2285 765 2371; x_wconf 90' lang='lat' dir='ltr'>Ipsa</span> <span class='ocrx_word' id='word_1_169' title='bbox 778 2308 970 2372; x_wconf 86' lang='lat' dir='ltr'>veroquam</span> <span class='ocrx_word' id='word_1_170' title='bbox 989 2287 1072 2350; x_wconf 92' lang='lat' dir='ltr'>nihil</span> <span class='ocrx_word' id='word_1_171' title='bbox 1092 2287 1133 2350; x_wconf 87' lang='lat' dir='ltr'>ad</span> <span class='ocrx_word' id='word_1_172' title='bbox 1153 2309 1221 2351; x_wconf 92' lang='lat' dir='ltr'>rem</span> <span class='ocrx_word' id='word_1_173' title='bbox 1242 2285 1393 2370; x_wconf 87' lang='lat' dir='ltr'>pertinet,</span> 
     </span>
     <span class='ocr_line' id='line_1_20' title="bbox 242 2388 1393 2473; baseline 0.003 -21"><span class='ocrx_word' id='word_1_174' title='bbox 242 2409 326 2472; x_wconf 88' lang='lat' dir='ltr'>quae</span> <span class='ocrx_word' id='word_1_175' title='bbox 353 2410 406 2454; x_wconf 88' lang='lat' dir='ltr'>voe</span> <span class='ocrx_word' id='word_1_176' title='bbox 429 2388 568 2455; x_wconf 87' lang='lat' dir='ltr'>delectat</span> <span class='ocrx_word' id='word_1_177' title='bbox 596 2390 746 2468; x_wconf 85' lang='lat' dir='ltr'>maxime,</span> <span class='ocrx_word' id='word_1_178' title='bbox 771 2390 968 2458; x_wconf 89' lang='lat' dir='ltr'>similitudol</span> <span class='ocrx_word' id='word_1_179' title='bbox 1025 2391 1137 2473; x_wconf 76' lang='lat' dir='ltr'>Quidi</span> <span class='ocrx_word' id='word_1_180' title='bbox 1169 2391 1258 2457; x_wconf 90' lang='lat' dir='ltr'>canis</span> <span class='ocrx_word' id='word_1_181' title='bbox 1286 2413 1393 2456; x_wconf 90' lang='lat' dir='ltr'>nonne</span> 
     </span>
     <span class='ocr_line' id='line_1_21' title="bbox 241 2493 1446 2581; baseline 0.001 -22"><span class='ocrx_word' id='word_1_182' title='bbox 241 2493 356 2559; x_wconf 88' lang='lat' dir='ltr'>similis</span> <span class='ocrx_word' id='word_1_183' title='bbox 370 2494 470 2580; x_wconf 81' lang='lat' dir='ltr'>lupoi</span> <span class='ocrx_word' id='word_1_184' title='bbox 491 2502 599 2581; x_wconf 87' lang='lat' dir='ltr'>atque,</span> <span class='ocrx_word' id='word_1_185' title='bbox 612 2502 652 2559; x_wconf 93' lang='lat' dir='ltr'>ut</span> <span class='ocrx_word' id='word_1_186' title='bbox 667 2495 800 2574; x_wconf 88' lang='lat' dir='ltr'>Ennius,</span> <span class='ocrx_word' id='word_1_187' title='bbox 1408 2532 1446 2571; x_wconf 83' lang='lat'>20</span> 
     </span>
    </p>
   </div>
   <div class='ocr_carea' id='block_1_3' title="bbox 390 2639 1251 2714">
    <p class='ocr_par' dir='ltr' id='par_1_3' title="bbox 390 2639 1251 2714">
     <span class='ocr_line' id='line_1_22' title="bbox 390 2639 1251 2714; baseline 0.006 -19"><span class='ocrx_word' id='word_1_188' title='bbox 390 2639 495 2696; x_wconf 83' lang='lat' dir='ltr'>Simia</span> <span class='ocrx_word' id='word_1_189' title='bbox 511 2657 608 2711; x_wconf 87' lang='lat' dir='ltr'>quam</span> <span class='ocrx_word' id='word_1_190' title='bbox 625 2640 757 2712; x_wconf 88' lang='lat' dir='ltr'>similis,</span> <span class='ocrx_word' id='word_1_191' title='bbox 776 2642 984 2714; x_wconf 84' lang='lat' dir='ltr'>turpissuma</span> <span class='ocrx_word' id='word_1_192' title='bbox 1001 2643 1118 2714; x_wconf 86' lang='lat' dir='ltr'>bestia,</span> <span class='ocrx_word' id='word_1_193' title='bbox 1136 2644 1251 2701; x_wconf 90' lang='lat' dir='ltr'>nobis!</span> 
     </span>
    </p>
   </div>
   <div class='ocr_carea' id='block_1_4' title="bbox 191 2795 1449 3503">
    <p class='ocr_par' dir='ltr' id='par_1_4' title="bbox 191 2795 1449 3503">
     <span class='ocr_line' id='line_1_23' title="bbox 240 2795 1393 2883; baseline 0.002 -23"><span class='ocrx_word' id='word_1_194' title='bbox 240 2803 275 2862; x_wconf 86' lang='lat' dir='ltr'>at-</span> <span class='ocrx_word' id='word_1_195' title='bbox 289 2817 394 2861; x_wconf 89' lang='lat' dir='ltr'>mores</span> <span class='ocrx_word' id='word_1_196' title='bbox 407 2795 440 2860; x_wconf 93' lang='lat' dir='ltr'>in</span> <span class='ocrx_word' id='word_1_197' title='bbox 459 2803 596 2881; x_wconf 91' lang='lat' dir='ltr'>utroque</span> <span class='ocrx_word' id='word_1_198' title='bbox 616 2796 766 2881; x_wconf 88' lang='lat' dir='ltr'>dispares.</span> <span class='ocrx_word' id='word_1_199' title='bbox 813 2797 996 2883; x_wconf 86' lang='lat' dir='ltr'>Elephanto</span> <span class='ocrx_word' id='word_1_200' title='bbox 1016 2798 1185 2863; x_wconf 90' lang='lat' dir='ltr'>beluarum</span> <span class='ocrx_word' id='word_1_201' title='bbox 1206 2799 1296 2862; x_wconf 89' lang='lat' dir='ltr'>nulla</span> <span class='ocrx_word' id='word_1_202' title='bbox 1317 2819 1393 2883; x_wconf 91' lang='lat' dir='ltr'>pru·</span> 
     </span>
     <span class='ocr_line' id='line_1_24' title="bbox 191 2898 1393 2988; baseline 0.002 -23"><span class='ocrx_word' id='word_1_203' title='bbox 191 2913 229 2972; x_wconf 83' lang='lat'>98</span> <span class='ocrx_word' id='word_1_204' title='bbox 241 2900 386 2979; x_wconf 84' lang='lat' dir='ltr'>dentior3</span> <span class='ocrx_word' id='word_1_205' title='bbox 409 2907 444 2964; x_wconf 89' lang='lat' dir='ltr'>at</span> <span class='ocrx_word' id='word_1_206' title='bbox 458 2898 563 2985; x_wconf 86' lang='lat' dir='ltr'>figura</span> <span class='ocrx_word' id='word_1_207' title='bbox 577 2922 660 2985; x_wconf 88' lang='lat' dir='ltr'>quae</span> <span class='ocrx_word' id='word_1_208' title='bbox 675 2901 816 2965; x_wconf 74' lang='lat' dir='ltr'>vastiori</span> <span class='ocrx_word' id='word_1_209' title='bbox 844 2900 896 2966; x_wconf 91' lang='lat' dir='ltr'>De</span> <span class='ocrx_word' id='word_1_210' title='bbox 910 2902 1022 2967; x_wconf 89' lang='lat' dir='ltr'>bestiis</span> <span class='ocrx_word' id='word_1_211' title='bbox 1037 2903 1168 2987; x_wconf 91' lang='lat' dir='ltr'>loquor;</span> <span class='ocrx_word' id='word_1_212' title='bbox 1186 2903 1264 2988; x_wconf 92' lang='lat' dir='ltr'>quid</span> <span class='ocrx_word' id='word_1_213' title='bbox 1276 2907 1288 2968; x_wconf 81' lang='lat' dir='ltr'>i</span> <span class='ocrx_word' id='word_1_214' title='bbox 1308 2904 1393 2968; x_wconf 90' lang='lat' dir='ltr'>inter</span> 
     </span>
     <span class='ocr_line' id='line_1_25' title="bbox 241 3004 1392 3091; baseline 0.002 -22"><span class='ocrx_word' id='word_1_215' title='bbox 241 3006 326 3091; x_wconf 89' lang='lat' dir='ltr'>ipsos</span> <span class='ocrx_word' id='word_1_216' title='bbox 349 3006 495 3071; x_wconf 87' lang='lat' dir='ltr'>homines</span> <span class='ocrx_word' id='word_1_217' title='bbox 522 3026 629 3069; x_wconf 91' lang='lat' dir='ltr'>nonne</span> <span class='ocrx_word' id='word_1_218' title='bbox 655 3013 689 3069; x_wconf 89' lang='lat' dir='ltr'>et</span> <span class='ocrx_word' id='word_1_219' title='bbox 713 3004 886 3069; x_wconf 88' lang='lat' dir='ltr'>simillimis</span> <span class='ocrx_word' id='word_1_220' title='bbox 916 3006 1026 3070; x_wconf 87' lang='lat' dir='ltr'>formis</span> <span class='ocrx_word' id='word_1_221' title='bbox 1056 3007 1199 3091; x_wconf 90' lang='lat' dir='ltr'>dispares</span> <span class='ocrx_word' id='word_1_222' title='bbox 1227 3028 1332 3071; x_wconf 91' lang='lat' dir='ltr'>mores</span> <span class='ocrx_word' id='word_1_223' title='bbox 1358 3016 1392 3071; x_wconf 93' lang='lat' dir='ltr'>et</span> 
     </span>
     <span class='ocr_line' id='line_1_26' title="bbox 241 3108 1441 3200; baseline -0.004 -24"><span class='ocrx_word' id='word_1_224' title='bbox 241 3113 383 3177; x_wconf 89' lang='lat' dir='ltr'>moribus</span> <span class='ocrx_word' id='word_1_225' title='bbox 403 3110 540 3198; x_wconf 76' lang='lat' dir='ltr'>paribus</span> <span class='ocrx_word' id='word_1_226' title='bbox 562 3111 666 3194; x_wconf 87' lang='lat' dir='ltr'>figura</span> <span class='ocrx_word' id='word_1_227' title='bbox 693 3108 880 3175; x_wconf 67' lang='lat' dir='ltr'>dissimilis?</span> <span class='ocrx_word' id='word_1_228' title='bbox 923 3109 1058 3174; x_wconf 86' lang='lat' dir='ltr'>Etenim</span> <span class='ocrx_word' id='word_1_229' title='bbox 1087 3111 1115 3174; x_wconf 90' lang='lat' dir='ltr'>si</span> <span class='ocrx_word' id='word_1_230' title='bbox 1139 3110 1246 3185; x_wconf 90' lang='lat' dir='ltr'>semel,</span> <span class='ocrx_word' id='word_1_231' title='bbox 1274 3109 1389 3187; x_wconf 91' lang='lat' dir='ltr'>Vellei,</span> <span class='ocrx_word' id='word_1_232' title='bbox 1407 3144 1421 3180; x_wconf 85' lang='lat'><em>2</em></span> <span class='ocrx_word' id='word_1_233' title='bbox 1426 3141 1441 3200; x_wconf 86' lang='lat'>5</span> 
     </span>
     <span class='ocr_line' id='line_1_27' title="bbox 240 3212 1390 3301; baseline -0.003 -20"><span class='ocrx_word' id='word_1_234' title='bbox 240 3215 431 3301; x_wconf 86' lang='lat' dir='ltr'>suscipimus</span> <span class='ocrx_word' id='word_1_235' title='bbox 444 3236 547 3301; x_wconf 87' lang='lat' dir='ltr'>genus</span> <span class='ocrx_word' id='word_1_236' title='bbox 560 3213 621 3278; x_wconf 90' lang='lat' dir='ltr'>hoc</span> <span class='ocrx_word' id='word_1_237' title='bbox 635 3212 829 3298; x_wconf 87' lang='lat' dir='ltr'>argumenti,</span> <span class='ocrx_word' id='word_1_238' title='bbox 843 3214 985 3292; x_wconf 87' lang='lat' dir='ltr'>attende,</span> <span class='ocrx_word' id='word_1_239' title='bbox 1000 3236 1064 3299; x_wconf 94' lang='lat' dir='ltr'>quo</span> <span class='ocrx_word' id='word_1_240' title='bbox 1080 3213 1198 3299; x_wconf 88' lang='lat' dir='ltr'>serpat.</span> <span class='ocrx_word' id='word_1_241' title='bbox 1234 3213 1284 3278; x_wconf 84' lang='lat' dir='ltr'>Tu</span> <span class='ocrx_word' id='word_1_242' title='bbox 1303 3214 1390 3278; x_wconf 89' lang='lat' dir='ltr'>enirn</span> 
     </span>
     <span class='ocr_line' id='line_1_28' title="bbox 240 3314 1389 3401; baseline -0.003 -17"><span class='ocrx_word' id='word_1_243' title='bbox 240 3318 388 3384; x_wconf 87' lang='lat' dir='ltr'>sumebas</span> <span class='ocrx_word' id='word_1_244' title='bbox 413 3317 476 3382; x_wconf 90' lang='lat' dir='ltr'>nisi</span> <span class='ocrx_word' id='word_1_245' title='bbox 502 3317 538 3381; x_wconf 90' lang='lat' dir='ltr'>in</span> <span class='ocrx_word' id='word_1_246' title='bbox 561 3315 701 3380; x_wconf 87' lang='lat' dir='ltr'>hominis</span> <span class='ocrx_word' id='word_1_247' title='bbox 726 3315 831 3400; x_wconf 82' lang='lat' dir='ltr'>figura</span> <span class='ocrx_word' id='word_1_248' title='bbox 859 3315 1019 3380; x_wconf 81' lang='lat' dir='ltr'>rationem</span> <span class='ocrx_word' id='word_1_249' title='bbox 1048 3314 1154 3378; x_wconf 91' lang='lat' dir='ltr'>inesse</span> <span class='ocrx_word' id='word_1_250' title='bbox 1184 3337 1250 3378; x_wconf 95' lang='lat' dir='ltr'>non</span> <span class='ocrx_word' id='word_1_251' title='bbox 1278 3337 1389 3401; x_wconf 84' lang='lat' dir='ltr'>posse3</span> 
     </span>
     <span class='ocr_line' id='line_1_29' title="bbox 240 3416 1449 3503; baseline -0.004 -16"><span class='ocrx_word' id='word_1_252' title='bbox 240 3428 347 3487; x_wconf 92' lang='lat' dir='ltr'>sumet</span> <span class='ocrx_word' id='word_1_253' title='bbox 358 3419 440 3485; x_wconf 89' lang='lat' dir='ltr'>alius</span> <span class='ocrx_word' id='word_1_254' title='bbox 454 3419 517 3483; x_wconf 89' lang='lat' dir='ltr'>nisi</span> <span class='ocrx_word' id='word_1_255' title='bbox 532 3419 567 3482; x_wconf 91' lang='lat' dir='ltr'>in</span> <span class='ocrx_word' id='word_1_256' title='bbox 582 3417 734 3496; x_wconf 86' lang='lat' dir='ltr'>terrestri,</span> <span class='ocrx_word' id='word_1_257' title='bbox 750 3417 813 3482; x_wconf 88' lang='lat' dir='ltr'>nisi</span> <span class='ocrx_word' id='word_1_258' title='bbox 827 3416 862 3481; x_wconf 90' lang='lat' dir='ltr'>in</span> <span class='ocrx_word' id='word_1_259' title='bbox 877 3439 924 3495; x_wconf 90' lang='lat' dir='ltr'>eo,</span> <span class='ocrx_word' id='word_1_260' title='bbox 939 3418 997 3503; x_wconf 92' lang='lat' dir='ltr'>qui</span> <span class='ocrx_word' id='word_1_261' title='bbox 1017 3425 1113 3481; x_wconf 79' lang='lat' dir='ltr'>nutus</span> <span class='ocrx_word' id='word_1_262' title='bbox 1133 3417 1184 3494; x_wconf 90' lang='lat' dir='ltr'>sit,</span> <span class='ocrx_word' id='word_1_263' title='bbox 1200 3416 1263 3481; x_wconf 91' lang='lat' dir='ltr'>nisi</span> <span class='ocrx_word' id='word_1_264' title='bbox 1285 3417 1320 3480; x_wconf 91' lang='lat' dir='ltr'>in</span> <span class='ocrx_word' id='word_1_265' title='bbox 1342 3440 1389 3496; x_wconf 91' lang='lat' dir='ltr'>eo,</span> <span class='ocrx_word' id='word_1_266' title='bbox 1447 3484 1449 3487; x_wconf 74' lang='grc'><strong>,</strong></span> 
     </span>
    </p>
   </div>
   <div class='ocr_carea' id='block_1_5' title="bbox 236 3644 1390 4360">
    <p class='ocr_par' dir='ltr' id='par_1_5' title="bbox 236 3644 1390 4360">
     <span class='ocr_line' id='line_1_30' title="bbox 287 3644 1386 3713; baseline -0.002 -13"><span class='ocrx_word' id='word_1_267' title='bbox 287 3649 304 3700; x_wconf 77' lang='lat'>4</span> <span class='ocrx_word' id='word_1_268' title='bbox 321 3649 388 3713; x_wconf 75' lang='lat' dir='ltr'>bipes</span> <span class='ocrx_word' id='word_1_269' title='bbox 404 3648 533 3710; x_wconf 54' lang='lat' dir='ltr'>ABEN,</span> <span class='ocrx_word' id='word_1_270' title='bbox 552 3648 628 3711; x_wconf 78' lang='lat' dir='ltr'>imper</span> <span class='ocrx_word' id='word_1_271' title='bbox 648 3645 710 3698; x_wconf 80' lang='lat' dir='ltr'>CBK</span> <span class='ocrx_word' id='word_1_272' title='bbox 727 3646 801 3697; x_wconf 76' lang='lat' dir='ltr'>Allen</span> <span class='ocrx_word' id='word_1_273' title='bbox 820 3645 950 3713; x_wconf 81' lang='lat' dir='ltr'>(omitting</span> <span class='ocrx_word' id='word_1_274' title='bbox 965 3644 1034 3712; x_wconf 79' lang='lat' dir='ltr'>uun).</span> <span class='ocrx_word' id='word_1_275' title='bbox 1099 3653 1136 3698; x_wconf 83' lang='lat' dir='ltr'>eet</span> <span class='ocrx_word' id='word_1_276' title='bbox 1152 3647 1183 3707; x_wconf 91' lang='lat' dir='ltr'>B,</span> <span class='ocrx_word' id='word_1_277' title='bbox 1199 3654 1224 3698; x_wconf 84' lang='lat' dir='ltr'>et</span> <span class='ocrx_word' id='word_1_278' title='bbox 1240 3646 1269 3706; x_wconf 81' lang='lat' dir='ltr'>(i,</span> <span class='ocrx_word' id='word_1_279' title='bbox 1285 3648 1320 3698; x_wconf 81' lang='lat' dir='ltr'>eit</span> <span class='ocrx_word' id='word_1_280' title='bbox 1337 3652 1386 3709; x_wconf 73' lang='lat'>011,</span> 
     </span>
     <span class='ocr_line' id='line_1_31' title="bbox 238 3729 1389 3794; baseline -0.002 -11"><span class='ocrx_word' id='word_1_281' title='bbox 238 3740 297 3783; x_wconf 77' lang='lat' dir='ltr'>suut</span> <span class='ocrx_word' id='word_1_282' title='bbox 307 3733 432 3788; x_wconf 64' lang='grc' dir='ltr'><strong>ΔΕΒΉ.</strong></span> <span class='ocrx_word' id='word_1_283' title='bbox 503 3731 535 3782; x_wconf 88' lang='grc'>10</span> <span class='ocrx_word' id='word_1_284' title='bbox 550 3745 696 3794; x_wconf 77' lang='lat' dir='ltr'>umquamne</span> <span class='ocrx_word' id='word_1_285' title='bbox 707 3735 729 3780; x_wconf 76' lang='lat' dir='ltr'>u</span> <span class='ocrx_word' id='word_1_286' title='bbox 739 3729 806 3790; x_wconf 72' lang='lat' dir='ltr'>edd„</span> <span class='ocrx_word' id='word_1_287' title='bbox 816 3745 980 3794; x_wconf 73' lang='lat' dir='ltr'>numquamne</span> <span class='ocrx_word' id='word_1_288' title='bbox 991 3745 1042 3781; x_wconf 75' lang='lat' dir='ltr'>uss</span> <span class='ocrx_word' id='word_1_289' title='bbox 1052 3731 1190 3794; x_wconf 76' lang='lat' dir='ltr'>generally.</span> <span class='ocrx_word' id='word_1_290' title='bbox 1256 3733 1287 3781; x_wconf 94' lang='grc'>12</span> <span class='ocrx_word' id='word_1_291' title='bbox 1304 3733 1389 3782; x_wconf 83' lang='lat' dir='ltr'>docuit</span> 
     </span>
     <span class='ocr_line' id='line_1_32' title="bbox 239 3812 1388 3879; baseline -0.002 -13"><span class='ocrx_word' id='word_1_292' title='bbox 239 3830 288 3866; x_wconf 84' lang='lat' dir='ltr'>uss</span> <span class='ocrx_word' id='word_1_293' title='bbox 309 3815 446 3879; x_wconf 79' lang='lat' dir='ltr'>generally,</span> <span class='ocrx_word' id='word_1_294' title='bbox 467 3815 555 3879; x_wconf 68' lang='lat' dir='ltr'>inquis</span> <span class='ocrx_word' id='word_1_295' title='bbox 575 3815 660 3864; x_wconf 79' lang='lat' dir='ltr'>docuit</span> <span class='ocrx_word' id='word_1_296' title='bbox 682 3815 724 3866; x_wconf 70' lang='lat' dir='ltr'>(iu</span> <span class='ocrx_word' id='word_1_297' title='bbox 743 3812 839 3865; x_wconf 87' lang='lat' dir='ltr'>Heind.</span> <span class='ocrx_word' id='word_1_298' title='bbox 862 3813 921 3867; x_wconf 82' lang='lat' dir='ltr'>Seh.</span> <span class='ocrx_word' id='word_1_299' title='bbox 1007 3816 1103 3865; x_wconf 80' lang='lat' dir='ltr'>docebit</span> <span class='ocrx_word' id='word_1_300' title='bbox 1124 3828 1182 3874; x_wconf 77' lang='lat' dir='ltr'>uss,</span> <span class='ocrx_word' id='word_1_301' title='bbox 1205 3815 1306 3865; x_wconf 76' lang='lat' dir='ltr'>domim</span> <span class='ocrx_word' id='word_1_302' title='bbox 1328 3815 1388 3866; x_wconf 82' lang='lat' dir='ltr'>Sch.</span> 
     </span>
     <span class='ocr_line' id='line_1_33' title="bbox 240 3896 1389 3960; baseline 0 -12"><span class='ocrx_word' id='word_1_303' title='bbox 240 3899 271 3948; x_wconf 82' lang='lat'>14</span> <span class='ocrx_word' id='word_1_304' title='bbox 288 3901 376 3949; x_wconf 82' lang='lat' dir='ltr'>diuina</span> <span class='ocrx_word' id='word_1_305' title='bbox 388 3905 482 3948; x_wconf 82' lang='lat' dir='ltr'>natura</span> <span class='ocrx_word' id='word_1_306' title='bbox 494 3910 544 3948; x_wconf 84' lang='lat' dir='ltr'>uss</span> <span class='ocrx_word' id='word_1_307' title='bbox 557 3897 693 3960; x_wconf 85' lang='lat' dir='ltr'>generally,</span> <span class='ocrx_word' id='word_1_308' title='bbox 709 3899 811 3947; x_wconf 80' lang='lat' dir='ltr'>divinae</span> <span class='ocrx_word' id='word_1_309' title='bbox 827 3904 933 3948; x_wconf 82' lang='lat' dir='ltr'>maturae</span> <span class='ocrx_word' id='word_1_310' title='bbox 945 3896 1131 3960; x_wconf 82' lang='lat' dir='ltr'>E1.Reg.Aso.</span> <span class='ocrx_word' id='word_1_311' title='bbox 1147 3902 1248 3957; x_wconf 62' lang='lat' dir='ltr'>cm,</span> <span class='ocrx_word' id='word_1_312' title='bbox 1260 3899 1289 3947; x_wconf 83' lang='lat' dir='ltr'>ia</span> <span class='ocrx_word' id='word_1_313' title='bbox 1300 3899 1389 3948; x_wconf 84' lang='lat' dir='ltr'>divina</span> 
     </span>
     <span class='ocr_line' id='line_1_34' title="bbox 238 3977 1390 4036; baseline 0 -7"><span class='ocrx_word' id='word_1_314' title='bbox 238 3986 331 4029; x_wconf 80' lang='lat' dir='ltr'>natura</span> <span class='ocrx_word' id='word_1_315' title='bbox 347 3979 372 4029; x_wconf 91' lang='lat' dir='ltr'>U</span> <span class='ocrx_word' id='word_1_316' title='bbox 388 3979 451 4031; x_wconf 77' lang='lat' dir='ltr'>Rea</span> <span class='ocrx_word' id='word_1_317' title='bbox 469 3984 498 4030; x_wconf 85' lang='lat'>0.</span> <span class='ocrx_word' id='word_1_318' title='bbox 563 3985 600 4028; x_wconf 79' lang='lat' dir='ltr'>cst</span> <span class='ocrx_word' id='word_1_319' title='bbox 615 3977 670 4036; x_wconf 79' lang='grc' dir='ltr'>ΒΕ,</span> <span class='ocrx_word' id='word_1_320' title='bbox 686 3985 746 4028; x_wconf 82' lang='lat' dir='ltr'>suat</span> <span class='ocrx_word' id='word_1_321' title='bbox 761 3977 805 4028; x_wconf 78' lang='grc' dir='ltr'>ΔΟ</span> <span class='ocrx_word' id='word_1_322' title='bbox 821 3977 890 4027; x_wconf 81' lang='lat' dir='ltr'>Mus.</span> <span class='ocrx_word' id='word_1_323' title='bbox 906 3977 1001 4029; x_wconf 91' lang='lat' dir='ltr'>Heind.</span> <span class='ocrx_word' id='word_1_324' title='bbox 1101 3979 1132 4029; x_wconf 86' lang='grc'>17</span> <span class='ocrx_word' id='word_1_325' title='bbox 1149 3980 1248 4028; x_wconf 66' lang='lat' dir='ltr'>morum</span> <span class='ocrx_word' id='word_1_326' title='bbox 1264 3979 1310 4029; x_wconf 77' lang='lat' dir='ltr'>Ba</span> <span class='ocrx_word' id='word_1_327' title='bbox 1324 3980 1390 4029; x_wconf 82' lang='lat' dir='ltr'>alter</span> 
     </span>
     <span class='ocr_line' id='line_1_35' title="bbox 238 4046 1389 4123; baseline -0.003 -10"><span class='ocrx_word' id='word_1_328' title='bbox 238 4063 303 4121; x_wconf 66' lang='lat' dir='ltr'>Mn„</span> <span class='ocrx_word' id='word_1_329' title='bbox 315 4064 359 4112; x_wconf 82' lang='lat' dir='ltr'>deo</span> <span class='ocrx_word' id='word_1_330' title='bbox 369 4075 419 4111; x_wconf 82' lang='lat' dir='ltr'>uss</span> <span class='ocrx_word' id='word_1_331' title='bbox 430 4060 483 4119; x_wconf 81' lang='lat' dir='ltr'>On,</span> <span class='ocrx_word' id='word_1_332' title='bbox 495 4061 536 4110; x_wconf 77' lang='lat' dir='ltr'>dci</span> <span class='ocrx_word' id='word_1_333' title='bbox 548 4058 641 4109; x_wconf 82' lang='lat' dir='ltr'>Lemb.</span> <span class='ocrx_word' id='word_1_334' title='bbox 656 4057 717 4108; x_wconf 81' lang='lat' dir='ltr'>Scir.</span> <span class='ocrx_word' id='word_1_335' title='bbox 815 4056 847 4107; x_wconf 84' lang='lat'>18</span> <span class='ocrx_word' id='word_1_336' title='bbox 864 4056 910 4110; x_wconf 78' lang='lat' dir='ltr'>Six</span> <span class='ocrx_word' id='word_1_337' title='bbox 923 4058 989 4108; x_wconf 84' lang='lat' dir='ltr'>lines</span> <span class='ocrx_word' id='word_1_338' title='bbox 1004 4046 1187 4107; x_wconf 78' lang='lat' dir='ltr'>whichiollovv</span> <span class='ocrx_word' id='word_1_339' title='bbox 1196 4060 1285 4123; x_wconf 78' lang='lat' dir='ltr'>figura</span> <span class='ocrx_word' id='word_1_340' title='bbox 1300 4058 1328 4109; x_wconf 92' lang='lat' dir='ltr'>in</span> <span class='ocrx_word' id='word_1_341' title='bbox 1343 4059 1389 4109; x_wconf 88' lang='lat' dir='ltr'>the</span> 
     </span>
     <span class='ocr_line' id='line_1_36' title="bbox 239 4137 1388 4203; baseline -0.002 -11"><span class='ocrx_word' id='word_1_342' title='bbox 239 4156 289 4192; x_wconf 77' lang='lat' dir='ltr'>uss</span> <span class='ocrx_word' id='word_1_343' title='bbox 301 4141 353 4192; x_wconf 83' lang='lat' dir='ltr'>and</span> <span class='ocrx_word' id='word_1_344' title='bbox 363 4141 420 4192; x_wconf 90' lang='lat' dir='ltr'>edd.</span> <span class='ocrx_word' id='word_1_345' title='bbox 430 4141 497 4190; x_wconf 84' lang='lat' dir='ltr'>have</span> <span class='ocrx_word' id='word_1_346' title='bbox 507 4140 571 4190; x_wconf 90' lang='lat' dir='ltr'>been</span> <span class='ocrx_word' id='word_1_347' title='bbox 582 4137 734 4202; x_wconf 84' lang='lat' dir='ltr'>transposed</span> <span class='ocrx_word' id='word_1_348' title='bbox 744 4140 772 4190; x_wconf 91' lang='lat' dir='ltr'>to</span> <span class='ocrx_word' id='word_1_349' title='bbox 783 4141 797 4201; x_wconf 67' lang='grc'>5</span> <span class='ocrx_word' id='word_1_350' title='bbox 807 4141 848 4191; x_wconf 83' lang='grc'>88.</span> <span class='ocrx_word' id='word_1_351' title='bbox 934 4140 966 4188; x_wconf 85' lang='grc'>23</span> <span class='ocrx_word' id='word_1_352' title='bbox 983 4140 1103 4203; x_wconf 79' lang='lat' dir='ltr'>atfigura</span> <span class='ocrx_word' id='word_1_353' title='bbox 1114 4140 1244 4193; x_wconf 72' lang='lat' dir='ltr'>GHOLU÷</span> <span class='ocrx_word' id='word_1_354' title='bbox 1251 4139 1309 4192; x_wconf 77' lang='lat' dir='ltr'>Sch.</span> <span class='ocrx_word' id='word_1_355' title='bbox 1324 4140 1388 4200; x_wconf 71' lang='lat' dir='ltr'>Mu,</span> 
     </span>
     <span class='ocr_line' id='line_1_37' title="bbox 237 4220 1388 4288; baseline -0.003 -14"><span class='ocrx_word' id='word_1_356' title='bbox 237 4225 273 4274; x_wconf 82' lang='lat' dir='ltr'>cd</span> <span class='ocrx_word' id='word_1_357' title='bbox 287 4225 398 4288; x_wconf 75' lang='lat' dir='ltr'>figuram</span> <span class='ocrx_word' id='word_1_358' title='bbox 418 4221 504 4272; x_wconf 78' lang='lat' dir='ltr'>XBK‘r</span> <span class='ocrx_word' id='word_1_359' title='bbox 525 4221 569 4270; x_wconf 88' lang='lat' dir='ltr'>Or.</span> <span class='ocrx_word' id='word_1_360' title='bbox 591 4221 638 4273; x_wconf 88' lang='lat' dir='ltr'>Ba.</span> <span class='ocrx_word' id='word_1_361' title='bbox 757 4222 789 4271; x_wconf 86' lang='grc'>25</span> <span class='ocrx_word' id='word_1_362' title='bbox 813 4221 918 4285; x_wconf 77' lang='lat' dir='ltr'>peribus</span> <span class='ocrx_word' id='word_1_363' title='bbox 941 4220 1007 4283; x_wconf 82' lang='lat' dir='ltr'>conj.</span> <span class='ocrx_word' id='word_1_364' title='bbox 1030 4221 1082 4279; x_wconf 81' lang='lat' dir='ltr'>Kl..</span> <span class='ocrx_word' id='word_1_365' title='bbox 1104 4235 1156 4273; x_wconf 91' lang='lat' dir='ltr'>om.</span> <span class='ocrx_word' id='word_1_366' title='bbox 1182 4235 1231 4272; x_wconf 81' lang='lat' dir='ltr'>uss</span> <span class='ocrx_word' id='word_1_367' title='bbox 1252 4223 1388 4286; x_wconf 87' lang='lat' dir='ltr'>generally,</span> 
     </span>
     <span class='ocr_line' id='line_1_38' title="bbox 236 4303 659 4360; baseline -0.002 -2"><span class='ocrx_word' id='word_1_368' title='bbox 236 4307 373 4358; x_wconf 77' lang='lat' dir='ltr'>simillimis</span> <span class='ocrx_word' id='word_1_369' title='bbox 384 4305 409 4356; x_wconf 89' lang='lat' dir='ltr'>U</span> <span class='ocrx_word' id='word_1_370' title='bbox 420 4305 462 4354; x_wconf 88' lang='lat' dir='ltr'>El.</span> <span class='ocrx_word' id='word_1_371' title='bbox 474 4304 498 4354; x_wconf 84' lang='lat' dir='ltr'><strong>G</strong></span> <span class='ocrx_word' id='word_1_372' title='bbox 508 4303 570 4354; x_wconf 86' lang='lat' dir='ltr'>Red.</span> <span class='ocrx_word' id='word_1_373' title='bbox 578 4303 659 4360; x_wconf 77' lang='lat' dir='ltr'>÷edd</span> 
     </span>
    </p>
   </div>
   <div class='ocr_carea' id='block_1_6' title="bbox 0 0 1542 4944">
    <p class='ocr_par' dir='ltr' id='par_1_6' title="bbox 0 0 1542 4944">
     <span class='ocr_line' id='line_1_39' title="bbox 0 0 1542 4944; baseline 0 3"><span class='ocrx_word' id='word_1_374' title='bbox 0 0 1542 4944; x_wconf 95' lang='lat' dir='ltr'> </span> 
     </span>
    </p>
   </div>
  </div>
 </body>
</html>
