3076 4944
427 405 493 454 nra.
517 406 530 453 1
553 403 627 455 cnr.
651 402 799 454 vr—vnr
821 389 859 474 §3
882 393 1019 456 13-19.
1278 389 1298 459 7

147 554 215 609 toto
197 545 466 632 odisjungerent,
492 556 527 612 et
551 545 791 632 Peripateticos,
815 549 873 633 qui
896 550 1032 614 honesta
1057 548 1299 614 commiscerent

146 673 221 714 cnm
244 650 425 728 commodis,
448 660 487 716 ut
506 673 545 716 ea
566 651 652 716 inter
670 673 704 716 se
726 661 850 744 magnit
825 652 1006 718 ‘tudinet
972 659 1006 717 et
1013 652 1126 747 ,qnasi
1146 630 1311 754 gradibus

146 774 210 814 non
203 774 346 847 genere
366 753 543 818 differrent:
566 752 646 817 haec
667 753 754 817 enim
772 737 902 819 estnon
923 755 1092 851 verborum
1109 775 1218 838 parva,
1240 753 1294 817 sed

145 878 252 920 rerum
267 878 440 941 permagna
455 855 614 920 dissensio,
659 855 781 920 Verum
796 856 856 920 hoc
870 856 961 935 alias3
985 842 1078 934 nunc,
1093 855 1178 940 qnod
1192 854 1295 941 coepi·
1310 868 1347 928 17

115 981 226 1043 5mns,
241 959 268 1022 si
290 959 425 1024 videtur.
470 957 553 1023 Mihi
578 979 661 1035 vero,
684 957 792 1043 inquit
815 957 919 1035 Cotta,
942 957 1083 1039 videtnr;
1106 958 1162 1022 sed
1180 965 1218 1022 nt
1234 956 1295 1035 hic,

144 1061 202 1145 qui
223 1062 399 1126 intervenit
416 1066 481 1144 (me
503 1061 655 1140 intuens),
675 1081 716 1124 ne
735 1060 868 1144 ignoret,
885 1083 967 1145 quae
982 1083 1032 1125 res
1046 1070 1168 1145 agatur,
1184 1060 1224 1125 de
1240 1082 1296 1124 na-

43 1181 49 1193 ·
145 1168 218 1223 tura
232 1160 405 1246 agebamus
420 1160 561 1236 deorum,
577 1181 661 1245 quae
677 1182 751 1223 cum
767 1159 847 1223 mihi
865 1159 1028 1225 videretur
1046 1161 1244 1246 perobscura,
1258 1167 1296 1224 ut

50 1325 52 1328 a
145 1284 271 1348 semper
287 1263 389 1327 videri
408 1262 497 1340 solet,
517 1261 647 1347 Epicuri
671 1283 712 1326 ex
736 1261 860 1326 Velleio
886 1261 1067 1327 sciscitabar
1092 1261 1294 1328 sententiam.

133 1362 408 1442 Quamobrem,
435 1362 549 1447 inquit,
576 1362 690 1439 Vellei,
712 1362 775 1426 nisi
800 1362 973 1428 molestum
999 1371 1057 1444 est,
1077 1372 1196 1449 repete,
1210 1385 1294 1449 quae

48 1460 51 1467 ’
96 1492 132 1530 ιο
145 1487 300 1550 coeperas.
333 1463 506 1577 Repetam
536 1487 619 1543 vero,
649 1487 847 1580 quamquam
869 1486 935 1529 non
959 1464 1048 1541 mihi,
1074 1464 1131 1529 sed
1156 1464 1217 1529 tibi
1241 1464 1294 1529 hic

143 1568 233 1631 venit
252 1552 397 1682 adjir'tor;
420 1567 515 1632 ambo
535 1567 631 1644 enim,
650 1566 757 1651 inquit
743 1566 931 1644 tarridens,
956 1566 998 1631 ab
1023 1567 1135 1631 eodem
1159 1567 1293 1632 Philone

87 1686 97 1692 ”
144 1669 225 1732 nihil
240 1671 319 1734 scire
340 1669 503 1735 didicistis.
548 1667 634 1734 'lum
652 1690 724 1754 ego:
748 1667 834 1748 Quid
860 1668 1071 1746 didicerimus
1092 1669 1189 1735 Cotta
1207 1668 1294 1733 vide·

143 1773 195 1856 rit,
220 1783 257 1838 tu
280 1783 390 1838 antem
414 1772 486 1837 nolo
510 1772 674 1838 existimes
699 1794 752 1836 me
775 1771 955 1858 adjutorem
980 1772 1056 1837 huic
1078 1772 1211 1850 venisse,
1235 1770 1292 1835 sed

143 1877 331 1954 auditorem,
354 1887 388 1942 et
410 1876 541 1962 quidem
562 1898 710 1961 aequum,
729 1876 829 1940 libero
844 1875 975 1960 jndicio,
997 1877 1088 1942 nulla
1112 1878 1182 1964 ejus
1204 1877 1293 1942 modi

96 2000 107 2039 ι
113 1999 129 2057 5
143 1979 332 2043 adstrictum
352 1979 550 2056 necessitate,
571 1986 610 2042 ut
629 1977 718 2055 mihi,
733 1977 831 2042 velim
849 1978 957 2057 nolim,
972 1978 1014 2044 sit
1029 1988 1116 2045 certa
1133 1979 1292 2065 quaedam

142 2081 263 2146 tuenda
277 2082 444 2148 sententia.

208 2185 303 2251 VIII.
330 2187 413 2251 Tum
423 2184 569 2250 Velleius
580 2185 717 2249 fidenter
727 2206 811 2262 sane,
822 2191 861 2249 ut
872 2184 974 2250 solent
988 2183 1049 2261 isti,
1058 2184 1139 2250 nihil
1154 2193 1221 2250 tam
1236 2207 1290 2250 ve·
1305 2197 1343 2256 18

141 2312 222 2366 rens,
232 2311 329 2373 quam
344 2312 385 2354 ne
400 2289 549 2354 dubitare
561 2288 670 2372 aliqua
684 2288 724 2352 de
739 2309 775 2352 re
788 2288 959 2364 videretur,
968 2294 1132 2373 tamquam
1145 2289 1239 2354 modo
1249 2311 1290 2354 ex

142 2391 274 2455 deorum
289 2392 420 2456 concilio
434 2400 468 2455 et
484 2413 524 2455 ex
540 2390 670 2476 Epicuri
685 2390 911 2454 intermundiis
926 2389 1148 2468 descendisset,
1160 2390 1291 2468 Audite,

92 2519 129 2557 20
141 2494 255 2578 inquit,
282 2516 345 2558 non
368 2493 493 2565 futtiles
520 2492 820 2576 commenticiasque
843 2491 1027 2568 sententias,
1050 2513 1115 2556 non
1144 2492 1290 2579 opificem

140 2595 440 2679 aedificatoremque
460 2594 582 2671 mundi,
605 2593 748 2658 Platonis
769 2593 810 2657 de
832 2593 963 2657 Timaeo
987 2592 1093 2670 deum,
1112 2615 1171 2658 nec
1191 2616 1289 2657 anum

140 2698 311 2774 fatidicam,
337 2699 516 2763 Stoicorum
541 2693 705 2783 πρόνοιαν,
728 2717 826 2778 quam
852 2694 969 2760 Latine
994 2695 1070 2760 licet
1095 2696 1290 2782 providen-

140 2800 232 2864 tiam
261 2801 375 2878 dicere,
398 2822 503 2883 neqne
527 2821 602 2863 vero
627 2790 786 2862 mnndum
810 2798 918 2883 ipsum
946 2798 1054 2877 animo
1083 2807 1117 2863 et
1145 2799 1290 2864 sensibus

109 2977 116 2990 Χ
139 2902 330 2985 praeditum,
353 2902 536 2977 rotundum,
559 2901 735 2976 ardentem,
760 2900 936 2965 volubilem
959 2900 1064 2977 deum,
1086 2908 1234 2986 portenta
1256 2909 1291 2965 et

91 3027 126 3087 25
140 3004 292 3068 miracula
320 3027 384 3068 non
413 3004 639 3069 disserentium
668 3003 936 3090 philosophorum,
966 3004 1022 3070 sed
1052 3006 1288 3071 somniantium.

139 3111 264 3190 Quibus
287 3110 375 3174 enim·
398 3110 496 3174 oculis
519 3109 639 3174 intueri
657 3109 764 3194 potuit
784 3118 890 3180 vester
907 3110 1000 3174 Plato
1022 3110 1175 3175 fabricam
1187 3109 1288 3180 ,illam
1302 3122 1339 3180 19

138 3211 220 3276 tanti
237 3212 348 3296 operis,
363 3234 428 3295 qua
442 3211 581 3276 constnri
599 3211 696 3275 adeo
716 3219 814 3294 atque
832 3211 994 3276 aedificari
1016 3211 1174 3276 mundum
1193 3211 1289 3276 faeitl

139 3314 230 3394 Quae
254 3314 386 3391 molitio,
408 3336 490 3399 quae
510 3314 712 3392 ferramenta,
731 3313 789 3396 qni
808 3321 922 3390 vectes,
942 3335 1024 3399 quae
1042 3313 1218 3392 machinae,
1232 3315 1289 3400 qui

138 3415 275 3480 ministri
291 3415 373 3480 tanti
389 3415 531 3479 muneris
545 3415 699 3479 fuerunt?
747 3415 853 3494 Quem
868 3414 909 3479 ad
924 3415 1055 3480 modum
1071 3424 1180 3481 autem
1195 3416 1289 3480 oboe-

87 3544 125 3599 30
139 3518 207 3582 dire
221 3527 255 3583 et
269 3542 379 3604 parere
400 3519 559 3582 voluntati
580 3519 746 3582 architecti
767 3526 830 3605 aer,
851 3519 942 3604 ignis,
963 3507 1054 3604 aqua,
1074 3527 1159 3584 terra
1176 3529 1290 3605 potue·

137 3633 213 3688 runt
227 3629 239 3689 f
283 3623 380 3687 Unde
398 3644 472 3685 vero
493 3630 580 3686 ortae
601 3621 675 3685 illae
696 3622 840 3706 quinque
857 3623 984 3699 formae,
1000 3645 1018 3687 e
1034 3622 1151 3707 quibus
1165 3623 1289 3708 reliqua

39 3731 41 3736 '
136 3727 320 3805 formantur,
341 3734 416 3810 apte
437 3725 587 3790 cadentes
606 3725 647 3789 ad
668 3725 812 3789 animum
832 3723 1288 3810 afficiendumpariendosque

137 3833 265 3893 sensus?
309 3829 454 3912 Longum
470 3836 520 3891 est
534 3827 702 3903 adomnia,
716 3848 799 3910 qnae
814 3827 893 3890 talia
907 3834 991 3903 sunt,
1006 3833 1045 3891 nt
1060 3834 1171 3912 optata
1184 3828 1288 3911 magis

185 4006 201 4052 3
219 4006 277 4054 hoec
286 4005 344 4053 Asa.
353 4004 419 4061 U÷‚
429 4004 473 4052 boc
484 4002 516 4052 Χ.
594 4002 625 4053 19
642 4002 819 4050 intermundiis
831 3999 974 4051 AB¹CBK÷
983 4035 989 4058 ,
997 4000 1161 4049 internuntiis
1172 3997 1239 4057 B'n,
1248 4001 1287 4048 e'n·

137 4088 277 4134 ternnnn'ns
288 4085 347 4133 Asc.
412 4085 577 4134 descendisset
588 4083 610 4132 B
621 4084 679 4132 Asc.
692 4086 786 4143 emt,
799 4083 926 4130 descendis
937 4083 980 4130 sed
990 4082 1073 4140 Am,
1085 4083 1288 4133 descendem'sed

30 4156 32 4162 '
136 4163 229 4224 OEBK,
243 4164 406 4212 decembres
417 4165 459 4214 sed
470 4162 536 4217 U÷.
616 4164 649 4211 22
666 4164 779 4227 πρόνοιαν
789 4160 856 4218 edd,
865 4176 1000 4223 pronoeam
1011 4174 1069 4209 ress.
1159 4163 1191 4212 26
1208 4164 1287 4213 oenus

136 4242 194 4290 Asc.
206 4247 227 4292 V
238 4242 282 4291 Or.
296 4242 352 4300 Ba,
367 4243 446 4292 ocnlr's
459 4245 540 4292 antrat
555 4257 604 4292 ress
622 4241 691 4303 Sch,
711 4242 789 4290 oculis
806 4241 907 4302 [animi]
924 4239 979 4288 Mu.
1077 4241 1108 4289 sl
1125 4256 1138 4290 e
1151 4243 1240 4304 quibus
1252 4240 1283 4302 X,

135 4340 166 4373 es
178 4326 266 4385 quibas
277 4324 334 4374 Asc.
350 4323 410 4374 Soh.
422 4323 476 4373 Μιι.
575 4326 607 4374 32
624 4323 781 4386 afficiendam
793 4321 852 4374 Sch.
864 4320 942 4384 coni,
957 4322 1109 4384 efficiendam
1120 4337 1178 4375 ress.
