3076 4944
407 415 472 464 cm.
496 415 508 461 1
531 414 603 463 car.
630 413 803 462 xri-xm
825 395 864 481 ἓξ
887 397 1022 461 la-lo.
1249 395 1289 462 17

138 566 369 644 aeternumque
395 559 445 636 sit,
471 559 505 623 id
531 582 589 624 nec
611 559 729 624 habere
755 559 861 644 ipsum
886 558 1008 643 negotii
1033 555 1205 642 quicquam
1231 578 1291 620 nec

137 665 289 728 exhibere
318 663 421 740 alteri,
447 663 557 747 itaque
586 685 691 747 neque
720 663 770 726 ira
794 684 899 746 neque
925 661 1029 746 gratia
1054 660 1166 737 teneri,
1193 660 1289 743 quod,

130 791 220 854 >quae
242 768 321 833 talia
343 777 458 846 essent,
473 768 633 832 imbecilla
652 776 759 832 essent
779 768 895 831 omnia.
940 765 976 831 Si
995 765 1076 829 nihil
1091 764 1178 828 aliud
1193 785 1291 848 quae-

138 894 289 949 reremus,
311 871 372 934 nisi
396 880 435 936 ut
458 871 534 936 deos
559 871 612 956 pie
638 870 814 937 coleremus
840 878 874 934 et
898 877 937 934 ut
962 868 1187 954 superstitione
1212 868 1291 932 libe-

107 989 289 1049 5raremur,
313 973 390 1036 satis
412 963 482 1037 erat
504 971 646 1053 dictum3
670 995 747 1037 nam
769 981 804 1037 et
826 979 991 1057 praestans
1017 970 1149 1035 deorum
1176 975 1292 1032 natura

138 1075 306 1139 hominum
328 1075 450 1159 pietate
472 1073 637 1152 coleretur,
653 1097 726 1140 cum
746 1082 780 1140 et
800 1083 932 1140 aeterna
951 1082 1035 1138 esset
1054 1080 1088 1138 et
1107 1071 1292 1137 beatissima

140 1176 253 1260 (habet
275 1177 363 1242 enim
382 1177 623 1242 venerationem
640 1177 773 1262 justam,
787 1176 941 1263 quicquid
964 1175 1114 1260 excellit),
1129 1182 1164 1240 et
1185 1168 1299 1239 metus

138 1279 242 1344 omnis
265 1301 285 1342 a
307 1280 340 1342 vi
363 1286 462 1364 atque
487 1279 535 1342 ira
561 1279 692 1343 deorum
717 1279 829 1364 pulsus
855 1285 955 1358 esset3
980 1275 1184 1363 intellegitur
1203 1261 1292 1341 enlm

138 1403 159 1445 a
183 1381 279 1446 beata
309 1380 547 1465 immortalique
576 1387 702 1445 natura'
721 1389 756 1446 et
784 1380 865 1444 Iram
891 1388 926 1444 et·
950 1379 1087 1465 gratiam
1113 1378 1291 1463 segregari3

91 1507 126 1545 ro
139 1484 256 1567 quibus
269 1483 400 1547 remotis
415 1483 520 1547 nullos
535 1505 555 1546 a
569 1482 693 1567 superis
708 1477 894 1569 impendere
914 1491 1028 1546 metus.
1073 1481 1138 1547 Sed
1154 1481 1194 1544 ad
1208 1481 1291 1544 hanc

88 1589 91 1593 ’
138 1587 388 1651 confirmandam
414 1586 596 1672 opinionem
622 1585 765 1670 anquirit
790 1586 917 1661 animus
939 1593 973 1650 et
993 1586 1129 1648 formam
1151 1592 1184 1648 et
1205 1583 1291 1649 vitae

138 1690 298 1755 actionem
311 1689 495 1774 mentisque
509 1689 723 1775 agitationem
734 1690 769 1753 in
784 1689 851 1757 dec.

78 1780 81 1790 ¹
203 1792 331 1856 XVIII.
368 1792 416 1855 Ac
439 1791 478 1856 de
501 1791 604 1856 forma
617 1791 750 1875 quidem
773 1790 891 1876 partim
913 1796 1029 1855 natura
1049 1812 1107 1854 nos
1128 1790 1289 1870 admonet,
1301 1802 1340 1862 46

139 1894 257 1979 partim
283 1893 365 1958 ratio
391 1894 491 1959 docet.
534 1893 622 1958 Nam
648 1917 668 1958 a
689 1903 805 1958 natura
830 1894 986 1959 habemus
1012 1915 1122 1958 omnes
1147 1893 1314 1958 omniumf

92 2019 124 2077 15
139 1997 287 2081 gentium
309 1997 448 2082 speciem
473 1996 596 2060 nullam
622 1995 720 2062 aliam
744 1996 807 2061 nisi
832 1997 1009 2061 humanam
1034 1997 1184 2077 deorum;
1208 2017 1291 2079 quae

140 2098 227 2162 enim
252 2099 355 2162 forma
380 2099 444 2162 alia
469 2099 604 2164 occurrit
629 2120 784 2183 umquam
811 2107 868 2164 aut
891 2098 1038 2183 vigilanti
1061 2099 1211 2182 cuiquam
1234 2106 1292 2161 aut

140 2199 333 2264 dormienti?
370 2200 435 2265 Sed
451 2223 491 2265 ne
507 2201 615 2265 omnia
628 2209 817 2267 revocentur
831 2201 872 2265 ad
887 2201 1006 2285 primas
1022 2200 1185 2265 notiones:
1209 2199 1291 2264 ratio

139 2301 199 2366 hoc
220 2302 307 2366 idem
330 2303 400 2388 ipsa
420 2303 568 2368 declarat.
613 2304 700 2369 Nam
719 2326 793 2368 cum
811 2303 1118 2389 praestantissimam
1132 2310 1290 2382 naturam,
1303 2312 1342 2372 47

140 2404 191 2468 vel
210 2403 288 2488 quia
308 2404 404 2469 beata
425 2413 475 2469 est
493 2405 545 2469 vel
560 2404 637 2489 quia
656 2404 857 2489 sempiterna,
872 2404 1040 2469 convenire
1054 2403 1202 2467 videatur
1216 2425 1291 2466 oan-

90 2538 127 2577 20
140 2506 215 2571 dem
229 2528 297 2571 esse
312 2506 568 2591 pulcherrimam,
583 2528 666 2591 quae
681 2506 867 2592 compositio
881 2506 1106 2584 membrorum,
1122 2527 1204 2590 quae
1220 2526 1292 2569 con-

140 2608 287 2673 formatio
300 2608 571 2686 liniamentorum,
582 2631 664 2693 quae
678 2608 789 2694 figura,
800 2630 883 2693 quae
898 2608 1018 2694 species
1031 2609 1173 2674 humana
1187 2617 1294 2695 potest

48 2770 49 2774 ,
140 2733 209 2777 esse
229 2709 412 2796 pulchrior?
456 2710 522 2777 Vos
544 2711 684 2796 quidem,
707 2711 820 2788 Lucili,
842 2711 949 2775 soletis
972 2711 1062 2796 (nam
1083 2711 1180 2778 Cotta
1201 2734 1293 2777 meus

140 2811 234 2893 modo
259 2813 327 2891 hoc,
353 2813 447 2878 modo
472 2813 577 2899 illud),
602 2835 677 2878 cum
703 2812 873 2877 artificium
900 2813 1050 2900 effingitis
1075 2812 1293 2896 fabricamque

140 2915 292 2994 divinam,
317 2938 415 3000 quam
445 2917 510 2982 sint
538 2916 648 2982 omnia
676 2916 711 2980 in
739 2915 879 2981 hominis
907 2916 1011 3002 figura
1038 2939 1103 2981 non
1132 2915 1225 2980 modo
1251 2915 1292 2978 ad

91 3047 106 3085 2
111 3043 126 3102 5
140 3041 243 3099 usum,
266 3041 379 3084 verum
405 3020 504 3085 ctiam
530 3021 572 3084 ad
596 3027 799 3085 venustatem
829 3028 913 3106 apta,
939 3019 1125 3085 describere.
1170 3007 1292 3100 Quodsi
1304 3029 1344 3088 48

140 3121 286 3186 omnium
305 3122 520 3186 animantium
540 3123 675 3187 formam
689 3122 791 3187 vincit
809 3122 948 3187 hominis
963 3123 1074 3208 figura,
1089 3124 1168 3188 deus
1182 3132 1292 3188 autem

141 3227 287 3291 animans
308 3236 365 3305 est,
387 3248 427 3292 ea
450 3229 554 3313 figura
576 3229 719 3312 profecto
742 3235 800 3304 est,
819 3249 903 3312 quae
918 3225 1132 3312 pulcherrima
1154 3235 1203 3292 est
1224 3249 1293 3291 om-

142 3328 250 3408 nium3
273 3329 490 3414 quoniamque
510 3329 586 3393 deos
606 3327 807 3393 beatissimos
821 3350 890 3393 esse
905 3337 1037 3404 constat,
1052 3329 1166 3393 beatus
1182 3337 1292 3393 autem

141 3451 209 3494 esse
235 3429 303 3494 sine
317 3431 443 3496 'virtute
465 3453 560 3495 nemo
582 3439 688 3515 potest
709 3453 768 3495 nec
789 3431 893 3496 virtus
914 3431 982 3495 sine
1004 3431 1128 3496 ratione
1149 3439 1291 3496 constare

88 3556 128 3612 30
141 3558 199 3601 nec
222 3536 303 3600 ratio
326 3559 463 3622 usquam
490 3537 592 3602 inesse
616 3536 679 3600 nisi
702 3536 736 3599 in
762 3535 900 3600 hominis
926 3537 1036 3620 figam,
1059 3536 1198 3600 hominis
1223 3557 1292 3601 esse

141 3640 244 3725 specie
267 3640 342 3705 deos
364 3640 583 3706 confitendum
606 3647 662 3705 est.
708 3638 778 3702 Nec
793 3646 901 3702 tamen
918 3660 957 3701 ea
971 3636 1090 3722 species
1105 3659 1217 3721 corpus
1231 3643 1290 3716 est,
1302 3643 1341 3702 49

140 3744 197 3808 sed
218 3743 310 3827 quasi
332 3766 452 3828 corpus,
475 3766 535 3808 nec
556 3743 655 3807 habet
681 3741 877 3826 sanguinem,
899 3740 955 3805 sed
978 3741 1069 3825 quasi
1091 3741 1290 3824 sanguinem.

141 3845 233 3909 XIX.
267 3845 358 3909 Haec
382 3867 579 3930 quamquam
601 3853 635 3909 et
656 3844 789 3907 inventa
810 3850 886 3907 sunt
905 3842 1030 3906 acutius
1050 3849 1084 3905 et
1109 3842 1195 3905 dicta
1217 3842 1291 3905 sub-

140 3947 230 4012 tilius
255 3948 296 4012 ab
319 3947 465 4034 Epicuro,
489 3970 588 4033 quam
610 3954 650 4011 ut
671 3945 776 4030 quiris
798 3967 837 4008 ea
857 3943 958 4029 possit
981 3963 1158 4028 agnoscere,
1181 3951 1292 4006 tamen

1416 1780 1423 1806 l

190 4119 222 4166 11
238 4119 353 4181 anquirit
362 4115 584 4180 [X]BK¹,inqnirrt
595 4115 662 4164 Mus.
776 4114 845 4161 vitae
854 4112 975 4161 actionem
983 4112 1118 4172 mentisque
1127 4111 1291 4173 capitationem

140 4197 217 4247 Beier
228 4199 287 4265 (Off.
300 4215 310 4248 1
321 4201 371 4261 17),
384 4202 498 4248 vitamet
509 4200 631 4248 actionem
641 4196 729 4245 mentis
740 4201 814 4257 atquc
826 4196 989 4256 spirationem
1000 4208 1055 4243 uss.
1188 4195 1221 4245 27
1232 4197 1290 4257 pal·
1335 4168 1361 4224 *l

141 4282 263 4328 elren-rima
274 4287 310 4329 est
321 4279 405 4329 Madv.
418 4292 461 4328 see
472 4279 580 4338 Gomm„
588 4277 758 4343 pulcherrima
769 4277 804 4325 rit
816 4287 871 4325 uss.
885 4274 940 4327 Mu.
1013 4276 1044 4324 80
1060 4274 1112 4323 nisi
1123 4275 1152 4324 in
1162 4274 1290 4338 [B]ur÷,

141 4363 192 4431 nisi
204 4361 339 4423 AGEPBK,
353 4364 406 4411 sine
417 4359 513 4411 others.

227 4468 263 4514 ru.
280 4469 306 4516 c.
729 4410 732 4419 ¹
1186 4452 1205 4511 2
