3076 4944
468 422 531 468 rin.
554 421 568 468 1
591 419 664 468 cur.
686 419 797 483 xxva,
821 419 939 469 xxvm
962 402 1002 490 ἓξ
1023 403 1159 472 75-79.
1350 407 1392 476 27

242 575 355 631 taurus
370 587 472 651 equae
486 566 744 643 contrectatione,
760 588 864 652 equus
877 571 1008 632 vaccaef
1050 568 1105 632 An
1124 577 1161 633 tu
1179 569 1321 654 aquilam
1336 576 1393 634 aut

242 669 368 734 leonem
397 678 456 735 aut
484 669 676 755 delphinum
703 670 804 734 ullam
829 671 987 735 anteferre
1010 693 1120 737 censes
1140 671 1277 757 figuram
1300 675 1394 737 suaet

243 771 329 850 Quid
343 772 443 857 igitur
457 773 583 852 mirum,
599 773 627 837 si
642 773 701 837 hoc
715 772 829 837 eodem
844 773 939 838 modo
953 773 1079 838 homini
1091 781 1208 839 natura
1220 776 1395 860 praescrip-

242 876 293 952 sit,
308 883 347 940 ut
360 875 443 939 nihil
458 875 623 960 pulchrius
638 897 736 960 quam
750 875 917 940 hominem
931 883 1070 961 putaret,
1086 898 1158 941 eam
1173 898 1242 941 esse
1257 899 1395 955 causam,

213 999 299 1061 5cur
318 977 394 1041 deos
416 978 585 1041 hominum
608 976 729 1042 similes
749 983 958 1063 putaremus?
1001 978 1090 1060 Quid
1111 982 1238 1044 censest
1263 979 1291 1044 si
1312 979 1393 1045 ratio
1408 992 1447 1052 78

242 1088 326 1145 esset
348 1081 382 1145 in
403 1079 517 1158 beluis,
540 1101 605 1145 non
631 1102 689 1145 suo
712 1102 856 1166 quasque
881 1080 992 1166 generi
1016 1080 1193 1167 plurimum
1216 1082 1394 1148 tributuras

241 1186 358 1252 fuisset
401 1185 562 1252 XXVIII.
594 1185 642 1249 At
664 1184 847 1250 mehercule
873 1206 932 1271 ego
957 1184 1074 1268 (dicam
1095 1184 1194 1264 enim,
1215 1191 1255 1250 ut
1275 1185 1392 1272 sentio)

241 1289 389 1374 quamvis
404 1310 510 1354 amem
529 1289 599 1372 ipse
621 1308 684 1367 me,
705 1296 817 1353 tamen
839 1308 905 1352 non
927 1287 1031 1352 audeo
1054 1285 1159 1352 dicere
1180 1287 1394 1371 pulchriorem

241 1410 309 1454 esse
335 1411 397 1470 me,
421 1411 520 1476 quam
545 1387 600 1453 ille
630 1387 728 1454 fuerit
756 1397 877 1467 taurus,
903 1387 1076 1473 quiverit
1102 1387 1272 1472 Europam.
1316 1388 1393 1456 Non

194 1519 229 1557 ro
242 1489 329 1553 enim
351 1490 411 1555 hoc
433 1491 501 1556 loco
523 1489 564 1556 de
590 1488 728 1575 ingeniis
754 1496 812 1554 aut
836 1490 877 1554 de
901 1489 1098 1554 orationibus
1122 1488 1246 1568 nostris,
1269 1488 1326 1554 sed
1351 1489 1392 1556 de

241 1593 345 1678 specie
374 1593 540 1680 figuraque
570 1592 743 1681 quaeritur.
790 1593 912 1674 Quodsi
940 1593 1062 1678 fingere
1087 1590 1179 1657 nobis
1201 1599 1236 1657 et
1254 1591 1393 1677 jungere

240 1696 357 1758 formas
372 1694 519 1773 velimus,
534 1694 640 1780 qualis
654 1692 710 1758 ille
724 1694 906 1759 maritimus
920 1693 1034 1759 Triton
1048 1693 1193 1778 pingitur
1206 1693 1393 1759 natantibus

242 1795 398 1862 invehens
414 1797 520 1862 beluis
538 1796 701 1884 adjunctis
719 1797 864 1863 humano
878 1797 1007 1883 corpori,
1023 1797 1106 1862 nolis
1125 1800 1217 1863 esset
1259 1795 1393 1861 Difficili

241 1898 276 1961 in
291 1898 359 1963 loco
376 1921 490 1966 versor.
535 1900 596 1965 Est
610 1900 698 1965 enim
712 1902 761 1966 vis
774 1907 868 1966 tanta
882 1908 1026 1978 naturae,
1039 1907 1079 1964 ut
1092 1899 1188 1964 homo
1202 1920 1298 1964 nemo
1312 1898 1393 1964 velit

194 2032 206 2070 ι
213 2029 228 2089 5
242 2003 305 2068 nisi
326 2003 466 2070 hominis
487 2002 601 2067 similis
623 2023 699 2068 esse.
744 2001 790 2067 Et
815 2002 947 2088 quidem
972 2001 1105 2066 formica
1123 2000 1285 2066 formicae.
1327 1999 1393 2066 Sed
1407 2010 1446 2069 79

241 2114 352 2171 tamen
381 2105 472 2192 cujus
501 2104 663 2170 hominist
699 2112 818 2191 quotus
854 2105 941 2169 enim
970 2104 1106 2189 quisque
1134 2104 1290 2169 formosus
1318 2108 1393 2169 est?

242 2209 381 2274 Athenis
395 2232 469 2273 cum
485 2230 597 2287 essem,
612 2229 631 2273 e
647 2208 798 2295 gregibus
820 2208 1017 2293 epheborum
1038 2207 1094 2271 vix
1115 2206 1234 2292 singuli
1254 2206 1393 2290 reperie-

241 2311 370 2376 bantur.
415 2310 527 2388 Video,
556 2309 635 2396 quid
663 2309 813 2388 amiseris,
841 2309 899 2374 sed
926 2308 975 2374 ita
1003 2316 1113 2374 tamen
1142 2330 1176 2373 se
1205 2331 1256 2373 res
1284 2308 1390 2373 habet.

242 2415 368 2480 Deinde
382 2415 482 2493 nobis,
497 2414 554 2499 qui
569 2412 815 2478 concedentibus
829 2411 1027 2497 philosophis
1047 2411 1187 2496 antiquis
1207 2411 1392 2476 adulescen-

192 2517 747 2600 20111118(181601221111,8113.11121112
768 2538 862 2602 saepe
880 2517 1026 2603 jucunda
1048 2523 1132 2582 sunt.
1177 2516 1212 2581 Ν
1217 2537 1329 2580 aevus
1352 2514 1391 2578 in

241 2625 402 2691 articulo
425 2622 532 2707 pueri
558 2621 726 2688 delectat
750 2621 916 2688 Alcaeum.
961 2621 1008 2686 At
1031 2628 1081 2686 est
1105 2620 1244 2705 corporis
1265 2618 1392 2684 macula

241 2750 370 2793 naevus.
416 2726 471 2791 Illi
496 2734 609 2791 tamen
631 2725 691 2790 hoc
712 2725 823 2788 lumen
845 2723 1022 2789 videbatur.
1069 2722 1107 2802 Q.
1129 2723 1273 2799 Catulus,
1294 2721 1391 2807 hujus

240 2830 379 2916 collegae
394 2837 429 2895 et
443 2828 608 2894 familiaris
622 2827 720 2893 nostri
736 2834 837 2912 pater,
852 2826 967 2893 dilexit
981 2826 1178 2914 municipem
1196 2836 1291 2892 tuum
1310 2827 1391 2892 Ros·

241 2933 335 3012 cium,
350 2933 385 2998 in
401 2955 499 3018 quem
514 2931 614 2997 etiam
629 2931 711 2996 illud
725 2939 774 2996 est
789 2931 874 3016 ejus:

190 3081 225 3141 25
347 3053 573 3108 Constiteram
596 3051 801 3106 exorientem
823 3050 988 3105 Auroram
1011 3048 1097 3104 forte
1120 3049 1280 3120 salutans,

382 3138 462 3193 Oum
485 3137 598 3194 subito
621 3154 639 3194 a
661 3138 756 3192 laeva
778 3135 919 3192 Roscius
942 3134 1102 3192 exoritur.

346 3226 428 3282 Pace
451 3226 534 3280 mihi
557 3226 666 3294 liceat,
691 3225 864 3294 caelestes,
888 3223 1000 3279 dicere
1023 3227 1143 3293 vestra,

381 3312 537 3367 Mortalis
560 3311 671 3385 visust
693 3311 867 3383 pulchrior
890 3327 961 3365 esse
983 3309 1050 3367 deo.

241 3415 328 3482 Iluic
343 3417 402 3482 deo
413 3415 587 3502 pulchrior3
610 3424 644 3482 at
659 3423 737 3496 erat,
746 3416 840 3482 sicuti
855 3416 951 3481 hodie
960 3423 1017 3494 est,
1027 3415 1272 3502 perversissimis
1283 3416 1388 3482 oculis.

188 3552 226 3609 3³
240 3522 328 3602 Quid
348 3522 454 3600 refert,
476 3519 504 3584 si
524 3519 585 3583 hoc
606 3519 714 3604 ipsum
735 3518 855 3583 salsum
876 3517 926 3581 illi
949 3526 983 3582 et
1004 3526 1178 3584 venustum
1200 3519 1389 3585 videbatur?

286 3637 303 3685 4
319 3637 388 3700 [eam
399 3632 649 3695 esse-putaremus]
661 3631 704 3681 Or.
715 3630 762 3680 Ba.
775 3630 835 3680 Sch.
847 3629 902 3679 Mu.
914 3643 956 3679 see
968 3629 1068 3680 Gomm.
1122 3631 1154 3679 13
1171 3632 1266 3694 corpora·
1278 3632 1385 3694 [0]U÷,

238 3717 497 3781 eorporeABIlBK4.
602 3714 633 3763 15
651 3714 758 3762 hominia
770 3712 863 3776 [BCB],
876 3713 970 3762 homini
981 3712 1053 3761 ΑΕΗ
1064 3712 1123 3761 Asa.
1134 3716 1220 3766 Πψ.
1280 3712 1389 3775 formica

234 3799 355 3860 formicae
373 3796 433 3845 Asc.
450 3799 493 3845 οΗ
511 3793 587 3858 [ΒΕ],
606 3794 728 3857 scanicae
745 3792 911 3845 Acrem.
1017 3792 1049 3840 20
1059 3793 1175 3854 jucunda
1194 3791 1256 3852 Am,
1275 3792 1389 3854 jocunda

238 3875 340 3926 A²GEU
361 3875 430 3924 Mus.
545 3874 577 3923 21
594 3874 702 3923 artt'cttlo
720 3873 795 3935 patero*
816 3884 866 3920 uss
886 3869 1023 3932 generally,
1043 3871 1137 3932 pericla
1155 3884 1233 3932 puero
1255 3870 1303 3920 Gn
1323 3883 1389 3919 corr.

239 3957 271 4004 22
288 3957 318 4018 Q.
331 3957 436 4006 Catulus
446 3953 513 4013 edd„
526 3955 634 4016 Quintae
647 3955 751 4003 Catulus
762 3952 847 4005 XB†.
939 3951 973 3999 25
988 3951 1137 3999 cremantem
1148 3949 1251 4012 [BJUm
1264 3953 1389 4000 exoriente

239 4036 364 4097 CERM,
375 4051 405 4087 ea
416 4038 510 4086 oriem
521 4035 578 4084 Asc.
590 4039 653 4096 H÷‚
667 4033 864 4095 exercentem.
1001 4031 1033 4080 28
1049 4028 1138 4079 vua’st
1149 4028 1262 4080 Ursinus
1273 4030 1317 4080 Or.
1328 4030 1385 4093 Ba,

237 4115 316 4163 claua
327 4112 387 4164 Sch.
399 4113 461 4174 Mu,
474 4115 543 4162 aiom
554 4125 602 4162 uss
613 4111 751 4174 generally,
764 4112 833 4160 aiom
844 4115 880 4158 eat
892 4108 949 4157 Asc.
960 4113 990 4159 V.
1088 4107 1120 4156 29
1137 4108 1197 4158 taio
1207 4110 1251 4158 deo
1257 4111 1389 4172 pulchrior

237 4208 287 4244 mss
301 4195 437 4258 generally,
457 4196 515 4245 taio
527 4195 660 4258 pulchrior
675 4195 757 4243 dccv
774 4191 842 4253 Soh,
861 4192 920 4241 haic
936 4193 980 4240 illc
998 4191 1042 4240 deo
1056 4190 1189 4253 paktrior
1205 4192 1337 4241 uidebatur
1352 4190 1388 4245 U.

237 4275 424 4338 astruamur,
443 4275 478 4324 ad
493 4279 548 4324 erat
564 4277 629 4336 Boo,
649 4273 737 4322 adera
753 4271 820 4320 ABE
838 4270 938 4321 Asc.÷.
1048 4269 1081 4319 30
1095 4269 1187 4318 salsum
1203 4270 1277 4335 [AB],
1291 4272 1388 4336 saltam

238 4350 281 4399 CF.
293 4351 360 4404 Mus.
372 4354 430 4403 Asc.
