3076 4944
268 359 308 422 52
576 369 784 419 connsmors
807 369 850 418 on
872 368 1021 416 nnumsn
1043 369 1113 418 uss.

265 516 433 579 adrsriruntur]
461 517 586 564 mirantur
607 519 649 564 lv.
754 514 809 576 uos]
837 527 888 563 om.
910 519 937 565 Ι..
1036 514 1206 576 disciplinam]
1232 515 1369 577 disciplina
1388 519 1415 564 Β.

266 595 316 659 bis]
333 598 367 647 iis
378 602 408 647 Β.
505 594 709 658 relictarumque]
726 594 949 658 derelictorumque
960 599 1011 646 liv.
1092 596 1167 656 enim]
1183 600 1282 645 ueroil.
1364 611 1416 644 sen-

265 677 369 740 tentiae]
384 678 504 726 scientior
521 680 580 725 ΠΝ.
684 676 792 738 quoque]
808 688 858 725 oni
879 679 900 724 1.
1005 676 1126 736 auctoris]
1142 691 1159 722 u
1176 677 1250 724 certis
1267 679 1288 734 1,
1305 678 1416 724 auctoris

264 772 282 805 a
293 760 396 808 casuris
407 762 433 816 L,
446 773 463 805 u
474 758 578 806 casuris
589 760 617 817 v,
631 757 686 804 text
696 758 737 821 Vl.
816 757 969 818 nullamque]
985 756 1130 817 nullamque
1143 760 1171 804 Β.
1244 758 1306 820 rem]
1323 770 1374 804 om.
1386 761 1414 806 il.

265 841 359 902 apeme]
375 854 447 903 apere
460 843 490 888 ii.
588 840 620 887 ab
638 839 760 899 Arcesila]
780 838 917 887 abercesila
934 842 983 895 ΒΚ,
995 839 1027 886 ab
1045 839 1189 887 Archesilco
1205 842 1268 899 mv,
1283 841 1314 887 ab
1328 841 1415 888 areisa-

263 920 325 968 silla
343 923 370 975 L,
389 920 421 968 ab
437 918 568 973 Archesilu
585 922 634 967 lte.
734 919 874 980 Carneade]
893 920 990 967 Oarade
1007 923 1033 969 ο.
1131 922 1215 981 siquis
1231 922 1348 983 aetatem]
1366 929 1415 969 aet.
1516 919 1517 923 ’

264 1002 421 1063 niquitm.
519 1001 604 1062 quam]
620 1015 672 1062 qua
683 1005 710 1050 Β.
807 1002 842 1063 si]
859 1014 911 1048 om.
922 1005 949 1050 1..
1030 1003 1121 1063 moins]
1138 1005 1258 1064 nnqisv.
1340 1005 1415 1066 qnod]

212 1089 250 1146 12
265 1084 327 1143 quid
343 1086 373 1133 u.
474 1082 519 1143 iis]
537 1081 574 1130 isis
591 1085 619 1130 Β.
722 1082 788 1142 nem]
804 1082 858 1130 uiri
875 1085 903 1131 Ι..
1010 1083 1092 1144 cuius]
1109 1098 1164 1131 cum
1182 1087 1212 1133 Κ.
1331 1090 1415 1133 tantos

266 1166 375 1228 tunsqm]
393 1170 524 1227 tantaeque
542 1168 568 1214 0.
676 1177 713 1212 noc
732 1178 782 1213 non
796 1165 916 1226 profitear
933 1172 1044 1214 secutum
1062 1167 1123 1228 esse]
1140 1181 1191 1216 om.
1209 1172 1237 1217 B.
1342 1171 1415 1231 prae]

260 1261 308 1308 per
318 1249 338 1303 1,
346 1260 394 1308 pro
411 1249 441 1294 Β.
540 1245 631 1306 tanuen]
647 1250 700 1293 tum
710 1249 740 1293 Β.
817 1246 850 1306 ii]
868 1245 895 1293 lu·
909 1249 957 1294 BV.
1033 1247 1112 1310 nibil]
1127 1249 1168 1296 uel
1179 1252 1209 1297 Β.
1306 1252 1414 1313 omnino]

264 1328 411 1375 om.11.0V.
509 1323 556 1373 isac
572 1325 602 1372 de
619 1325 656 1387 re]
672 1325 702 1373 de
720 1325 810 1373 hacrc
827 1329 895 1386 ml,
913 1331 1052 1375 reom.1..
1150 1329 1202 1376 alio
1223 1329 1274 1378 neo
1294 1330 1352 1393 dil]
1368 1332 1414 1379 dil.

263 1409 316 1456 clio
338 1407 390 1456 loco
409 1410 439 1457 ll.
525 1397 657 1468 'quidam
678 1406 804 1468 tardique]
833 1408 947 1470 turdique
969 1410 1070 1470 quidem
1090 1413 1122 1458 Β.
1230 1413 1339 1474 saepius]
1362 1427 1413 1461 om.

263 1485 356 1536 lnenne
374 1491 405 1536 il.
501 1487 524 1536 ii
543 1485 644 1548 quibus]
669 1486 697 1535 lsi
716 1487 806 1549 quibus
825 1490 852 1544 Β,
871 1489 900 1536 in
919 1488 1007 1549 qbibus
1025 1492 1054 1549 Κ,
1075 1489 1097 1537 ii
1117 1503 1169 1538 om.
1188 1493 1223 1539 ld.
1320 1493 1414 1554 uerum]

263 1570 318 1618 ucri
334 1571 364 1617 lt.
463 1568 518 1630 qui]
535 1567 624 1629 quibus
640 1570 679 1615 n..
777 1568 1411 1633 imitoertulsitineertu10V1,sintincerla1.,

263 1655 298 1702 sit
323 1652 400 1701 mielsi
422 1658 487 1700 certe
511 1654 541 1710 Κ,
565 1651 600 1697 sit
625 1663 703 1697 causa
727 1653 757 1698 V.
855 1650 890 1711 et]
919 1663 970 1698 om.
993 1655 1042 1701 ΚΟ.
1142 1654 1306 1716 ementiendi]
1333 1658 1412 1711 elev,

263 1731 622 1793 sentiendiLasserendiilll.
687 1732 797 1793 exstitit]
813 1733 1016 1790 euistithtv,
1029 1737 1121 1791 om.ll‚
1134 1736 1271 1785 resistito.
1336 1738 1413 1798 illud]

263 1821 288 1864 et
306 1815 373 1862 illud
390 1817 501 1878 mov„
523 1812 590 1860 illud
608 1812 747 1861 ostenditur
765 1816 794 1871 ll,
815 1819 839 1861 et
858 1814 925 1861 illud
941 1814 1079 1863 ostenditur
1097 1819 1127 1864 V.
1225 1817 1300 1878 quoe]
1317 1831 1368 1865 om.
1386 1822 1413 1866 1..

259 1896 456 1958 perciperentur]
483 1894 655 1956 percipiantur
676 1897 706 1942 il.
820 1894 911 1955 uisum]
933 1909 1004 1942 usum
1023 1894 1079 1956 (but
1102 1897 1130 1943 ui
1151 1895 1253 1945 written
1274 1896 1362 1958 above)
1382 1903 1412 1947 Κ.

264 1977 385 2038 quendam
396 1970 523 2037 baberent]
541 1974 565 2022 is.
577 1973 699 2036 quendam
709 1976 738 2022 V.
836 1974 881 2036 iis]
900 1975 939 2023 leis
955 1979 1051 2033 miv,
1063 1977 1086 2024 is
1101 1979 1122 2036 Ι,
1136 1978 1210 2025 buius
1221 1982 1248 2028 Ι..
1346 1980 1413 2042 uita]

263 2059 361 2106 animus
372 2060 402 2105 lt.

212 2170 249 2228 13
311 2160 357 2210 VI.
390 2159 457 2222 Only
468 2174 483 2209 e
494 2159 616 2209 selection
627 2159 656 2209 oi
664 2158 709 2210 the
719 2159 838 2222 readings
849 2160 872 2209 ie
882 2159 956 2223 given
967 2161 1034 2210 from
1045 2160 1098 2212 thie
1109 2162 1191 2225 point.

311 2244 416 2306 demum]
433 2256 484 2291 om.
500 2245 553 2291 ΚΟ.
647 2243 754 2304 procur]
770 2246 854 2300 mm,
871 2256 939 2304 pcax
955 2246 1028 2292 ΒΚΚ.
1125 2247 1302 2309 consenserint]
1318 2261 1412 2296 conces·

262 2327 341 2375 serint
350 2329 380 2374 Β.
478 2324 538 2385 erit]
553 2324 598 2372 ubi
608 2324 656 2371 erit
667 2326 699 2371 11.
796 2324 870 2385 milri]
887 2328 1008 2373 om.11.0.
1106 2327 1175 2388 libet]
1193 2328 1251 2375 licet
1261 2332 1291 2377 Κ.
1372 2330 1412 2390 ut]

261 2415 291 2456 ut
305 2407 414 2455 Plautus
429 2410 530 2466 mov,
552 2406 613 2454 “al.
629 2410 658 2453 ut
674 2405 782 2454 Plautus
798 2406 827 2454 in
843 2406 900 2454 MS.
917 2420 976 2467 meo,
994 2407 1029 2455 al.
1046 2412 1076 2454 ut
1093 2408 1222 2456 Terentius
1238 2409 1297 2457 MS.
1309 2409 1412 2458 Palat.''

262 2503 343 2551 mum.
360 2492 395 2538 ld.
508 2488 548 2549 in]
564 2501 615 2535 om.
633 2490 661 2536 Β.
780 2488 936 2550 spneplsebis]
960 2493 986 2548 0,
1006 2489 1060 2536 sine
1073 2489 1141 2551 selis
1158 2493 1185 2551 Β,
1205 2492 1360 2552 sqneplsebiis
1380 2496 1411 2548 Β,

261 2570 415 2632 sinepboebis
439 2573 459 2629 1,
486 2569 621 2630 sinesaebis
644 2571 675 2626 Κ,
697 2569 854 2630 sinephebis
876 2573 905 2626 rt,
925 2569 1064 2631 sinephebis
1084 2574 1110 2619 0.
1208 2574 1326 2635 omnium]
1350 2588 1412 2623 once

262 2651 323 2714 only
333 2655 358 2700 Ζ.
456 2649 661 2710 adulescentium]
678 2648 947 2712 n(corssenn1ee).
1047 2664 1090 2700 oro
1102 2657 1176 2713 atque
1188 2653 1301 2715 imploro]
1319 2669 1370 2703 om.
1383 2660 1410 2703 0.

262 2732 403 2794 levissuma]
421 2732 483 2781 leuis
499 2744 595 2779 summa
610 2733 660 2779 ΒΚ.
798 2731 853 2792 ille]
871 2744 921 2779 om.
939 2734 969 2779 rt.
1105 2735 1232 2795 meretrix]
1249 2737 1364 2784 meritrix
1380 2739 1411 2785 Κ.

210 2819 248 2878 14
261 2815 423 2876 nonrmlt]z.
521 2812 616 2872 adsint]
628 2812 708 2859 assint
718 2815 832 2868 ΒΚΚΟΒ,
845 2812 927 2859 absint
938 2815 958 2861 1.
1057 2814 1224 2876 sollemnibus]
1237 2818 1411 2880 sollempnibus

260 2899 306 2952 BL,
317 2896 432 2956 solempn.
446 2895 494 2949 GK,
505 2891 718 2953 solempnitatibus
729 2895 758 2940 rt.
769 2889 887 2953 (Corseen
899 2905 916 2941 1.
926 2892 983 2948 225,
996 2905 1024 2940 so
1035 2890 1079 2941 the
1090 2892 1217 2953 fragment
1228 2894 1372 2945 discovered
1383 2900 1411 2946 et

260 2975 469 3036 Herculaneum).
557 2973 619 3035 ipsis
631 2986 681 3021 om.
693 2977 720 3022 0.
808 2973 1011 3034 ruistimandum]
1023 2975 1203 3023 aestimandum
1213 2979 1251 3026 ΒῙ.
1337 2980 1411 3040 certi]

210 3059 247 3118 15
262 3063 324 3105 certe
335 3061 364 3106 Β.
445 3053 605 3114 addubitare]
616 3059 644 3101 ct
655 3054 769 3102 dubitare
780 3055 810 3102 Κ.
887 3055 1217 3116 consumationem.
1296 3059 1411 3106 animad-

260 3136 335 3197 uerti]
352 3148 403 3184 om.
420 3137 449 3184 Κ.
563 3134 604 3196 0.]
623 3134 654 3182 d.
671 3136 738 3190 nm,
757 3134 849 3182 Gaium
865 3137 886 3182 1.
1001 3135 1108 3195 Cottam]
1131 3140 1241 3197 quottam
1263 3140 1291 3194 B,
1311 3139 1411 3186 (loetum

261 3220 336 3276 ΚΚῦ,
356 3229 406 3266 om.
425 3218 438 3263 1
455 3211 574 3279 (lacuna).
698 3215 745 3277 est]
765 3217 782 3263 (t
800 3214 933 3274 (supersor.
950 3214 1003 3273 sit),
1019 3215 1055 3262 sit
1071 3217 1221 3264 Humv.
1346 3221 1410 3281 cum]

261 3312 337 3360 quum
354 3297 410 3346 lure
427 3301 494 3346 GRV.
635 3297 764 3358 arcessitu]
782 3297 904 3344 accersitu
919 3300 1017 3345 tncnv.
1153 3297 1255 3360 exedra]
1272 3301 1367 3348 euadru
1382 3306 1410 3358 Β,

260 3377 387 3426 csedroll.
486 3376 627 3437 0.]G.nrt‚
640 3389 690 3427 om.
704 3376 872 3437 1LR,qoiolt.
972 3375 1075 3437 Velleio]
1086 3377 1165 3425 ueleio
1176 3381 1239 3427 unt.
1349 3383 1410 3443 tum]

261 3471 310 3506 om.
331 3461 358 3508 0.
441 3456 573 3518 Epimrei]
589 3457 684 3518 epicuri
700 3459 870 3507 nnmnntv.
954 3457 995 3519 en]
1011 3463 1036 3504 et
1052 3459 1080 3504 Β.
1164 3457 1312 3520 horninibur]
1325 3466 1411 3521 partes

261 3537 342 3588 added
357 3537 391 3600 by
407 3542 434 3588 0.
547 3539 634 3600 etium]
650 3545 674 3587 ct
690 3542 720 3588 rt.
837 3539 879 3602 Q]
896 3540 996 3600 quintus
1012 3542 1162 3588 nmncv.
1285 3542 1411 3603 Lucilius]

259 3621 354 3670 Isticine
370 3625 396 3672 L
507 3621 537 3668 in
552 3621 654 3683 Stoicis]
672 3621 767 3670 istoicis
784 3624 812 3669 Β.
920 3622 959 3682 ut]
976 3627 999 3668 et
1015 3624 1042 3670 B.
1161 3621 1411 3684 peropportunum,

256 3709 421 3766 peroportune
436 3701 615 3754 ΒΒῙῙΚΗΚΜ.
732 3704 837 3767 inquit]
854 3704 946 3766 inquid
962 3707 982 3752 Β
997 3701 1102 3766 poesim.
1212 3703 1412 3767 milsi1nfterre

260 3788 310 3833 BV.
409 3784 444 3847 te]
461 3797 512 3832 om.
528 3787 559 3832 Β.

208 3896 246 3955 16
308 3889 364 3940 VH.
401 3890 545 3952 opportune]
562 3896 636 3952 oport.
655 3894 720 3947 Illic,
734 3895 858 3952 peroport.
875 3892 905 3938 ll.
1004 3886 1258 3950 trium10m.flco¹.
1363 3891 1412 3952 Μ.]

259 3976 379 4028 omilim,
399 3973 429 4022 G.
448 3975 476 4029 Β,
495 3971 524 4020 G.
539 3972 605 4018 enim
621 3972 651 4026 Κ,
668 3970 704 4020 Μ.
725 3972 790 4018 emim
807 3973 877 4018 miv
895 3970 953 4030 (om.
973 3968 1024 4033 Vl),
1041 3968 1143 4016 Marcus
1161 3972 1188 4017 0.
1306 3973 1419 4034 nullius]

258 4057 342 4103 nullus
360 4057 416 4103 ml.
513 4053 594 4102 Stoici
610 4052 674 4113 cum]
690 4053 793 4100 stoicum
809 4054 838 4101 Κ.
939 4051 1077 4111 concinere]
1095 4051 1231 4099 oomentire
1248 4055 1342 4108 mv,
1359 4056 1413 4102 text

258 4140 297 4200 Vl,
316 4137 440 4184 continere
457 4137 477 4183 1.
615 4135 645 4182 de
662 4134 736 4194 libro]
754 4133 829 4182 elibm
845 4137 872 4184 Β.
1016 4132 1146 4194 bmninem]
1163 4145 1244 4192 mnrg.
1262 4133 1324 4194 only
1340 4135 1368 4182 oi
1382 4140 1412 4184 Κ.

208 4215 246 4274 17
259 4215 439 4276 disiunqerent]
456 4213 518 4271 111²,
537 4215 694 4276 diiunpereut
710 4212 796 4264 31¹1.
910 4214 952 4275 ne]
972 4229 1022 4262 non
1037 4218 1103 4263 ΒΟΒ.
1217 4213 1292 4276 milri]
1309 4230 1359 4265 om.
1374 4218 1411 4266 0¹.

258 4295 394 4356 uideretur]
409 4293 511 4343 uidetur
528 4298 579 4343 RN.
694 4295 852 4356 sententiam]
877 4296 1046 4344 sententiali.
1163 4294 1291 4357 adridens]
1315 4301 1342 4354 Β,
1360 4314 1411 4346 arr.
