3076 4944
496 381 560 431 tm.
583 381 597 429 1
619 379 691 430 cur.
715 379 942 428 xxx-mn
964 362 1003 448 ἓξ
1025 365 1151 428 85-89
1354 365 1393 427 31

246 525 346 610 igitur
368 527 423 603 sol,
446 548 488 591 ne
511 527 597 604 luna,
619 549 660 592 ne
682 527 802 604 stellae,
827 526 979 611 quoniam
1003 526 1085 589 nihil
1107 547 1175 590 esse
1196 533 1310 611 potest,
1333 524 1396 588 nisi

246 629 333 712 quod
368 629 536 715 attigimus
573 638 632 695 aut
660 631 808 696 vidimus.
868 630 977 710 Quidt
1011 631 1110 696 deum
1138 630 1246 715 ipsum
1275 652 1397 696 numne

246 729 379 794 vidistit
423 731 490 796 Gur
510 731 611 815 igitur
632 731 735 796 credis
757 736 849 797 essel
893 730 1013 796 Omnia
1033 731 1185 797 tollamus
1208 753 1291 816 ergo,
1313 753 1396 816 quae

245 839 304 897 aut
318 832 453 898 historia
467 833 560 898 nobis
575 841 633 898 aut
646 833 729 899 ratio
743 855 827 898 nova
841 832 942 898 affert.
986 832 1041 897 Ita
1054 832 1103 913 fit,
1118 841 1157 897 ut
1171 832 1397 897 mediterranei

214 956 335 1017 5mare
358 956 426 999 essa
448 958 514 1000 non
536 935 676 1000 credant.
721 935 812 1014 Quae
835 942 912 999 sunt
933 941 1046 999 tantae
1075 933 1177 998 animi
1205 935 1397 1019 angustiae?

247 1039 305 1115 Ut,
321 1038 348 1102 si
364 1039 494 1124 Seriphi
516 1047 613 1104 natus
635 1060 720 1103 esses
742 1060 801 1102 nec
824 1059 980 1122 umquam
1002 1059 1148 1123 egressus
1170 1058 1210 1101 ex
1231 1037 1345 1115 insula,
1361 1036 1396 1100 in

246 1160 311 1223 qua
324 1139 505 1225 lepusculos
519 1141 769 1226 vulpeculasque
784 1161 880 1224 saepe
895 1140 1037 1217 vidisses
1053 1161 1117 1204 non
1132 1140 1274 1205 crederes
1288 1140 1396 1204 leones

246 1252 281 1308 et
295 1245 468 1328 pantheras
482 1267 558 1323 esse,
574 1267 648 1309 cum
671 1245 741 1320 tibi,
759 1244 869 1328 quoles
891 1252 1007 1321 essent,
1024 1243 1184 1309 diceretur
1193 1267 1201 1324 ;
1222 1243 1250 1308 si
1265 1265 1339 1309 vero
1354 1242 1396 1307 de

245 1347 418 1433 elephanto
440 1349 513 1433 quis
535 1348 664 1426 diceret,
681 1348 781 1413 etiam
803 1347 902 1412 rideri
916 1355 950 1412 te
965 1354 1103 1433 putares.
1146 1347 1201 1412 An
1222 1346 1394 1433 quicquam
1409 1353 1473 1434 (97)

196 1475 232 1514 10
245 1460 314 1516 tam
342 1454 467 1538 puerile
490 1453 554 1518 dici
579 1460 686 1539 potest
713 1453 765 1537 (ut
791 1451 931 1517 eundem
957 1452 1063 1517 locum
1092 1451 1214 1517 diutius
1238 1451 1395 1536 urgeam),

245 1579 343 1640 quam
358 1559 386 1622 si
401 1579 439 1622 ea
453 1579 573 1643 genera
589 1557 768 1636 beluarum,
785 1579 868 1642 quae
891 1557 926 1620 in
947 1557 1043 1622 rubro
1065 1557 1147 1621 mari
1170 1556 1304 1621 Indiave
1325 1556 1394 1642 gig-

245 1763 391 1828 homines
421 1765 619 1850 exquirendo
648 1764 760 1829 audire
790 1772 859 1828 tam
888 1764 994 1828 multa
1022 1772 1164 1849 possunt,
1191 1786 1289 1849 quam
1317 1771 1394 1829 sunt

165 1954 167 1958 ,
244 1867 356 1945 multa,
379 1890 462 1954 quae
484 1876 579 1946 terra,
594 1868 684 1946 mari,
704 1867 887 1953 paludibus,
903 1868 1091 1934 fluminibus
1113 1869 1290 1951 exsistunt3
1310 1891 1394 1956 quae

195 1990 229 2051 15
245 1994 399 2057 negemus
414 1995 491 2051 esse,
507 1973 584 2058 quia
599 1995 777 2058 numquam
792 1974 940 2038 vidimus

310 2076 355 2140 Et
376 2083 414 2140 tu
436 2075 578 2161 quidem,
597 2075 711 2154 Vellei,
733 2098 799 2140 non
822 2083 927 2140 vestro
949 2097 1045 2154 more,
1065 2076 1121 2142 sed
1143 2076 1391 2157 dialecticorum,
1405 2079 1444 2138 89

244 2202 328 2265 quae
351 2180 498 2246 funditus
526 2202 605 2266 gens
626 2187 733 2245 vestra
758 2202 823 2245 non
848 2179 948 2259 novit,
974 2181 1173 2265 argumentis
1198 2182 1392 2246 sententiam

244 2285 435 2353 conclusisti
464 2288 581 2352 Beatos
596 2306 664 2350 esse
679 2285 755 2350 deos
769 2284 943 2370 sumpsisti.
988 2284 1209 2351 Concedimus.
1253 2286 1392 2352 Beatum

243 2400 355 2479 autem
373 2391 442 2455 sine
460 2391 582 2456 virtute
602 2390 767 2455 neminem
785 2411 854 2454 esse
876 2410 975 2474 posse.
1019 2389 1161 2456 XXXII.
1205 2390 1245 2454 Id
1265 2413 1392 2477 quoquo

192 2518 229 2557 20
240 2488 365 2574 flamus,
382 2505 415 2562 et
430 2496 570 2561 libenter
589 2494 728 2580 quidem
773 2492 940 2559 Virtutem
962 2502 1073 2559 autem
1092 2494 1162 2558 sine
1180 2494 1303 2559 ratione
1318 2517 1391 2560 con-

243 2608 329 2665 stare
343 2620 409 2663 non
430 2619 529 2684 posse.
575 2596 756 2663 Conveniat
776 2595 810 2660 id
825 2618 954 2682 quoque
968 2617 1096 2662 necesse
1111 2604 1169 2661 est.
1212 2595 1391 2682 Adjungis:

242 2723 303 2767 uec
331 2703 490 2767 rationem
519 2722 588 2766 esse
617 2701 679 2766 nisi
709 2701 744 2765 in
772 2700 913 2766 hominis
941 2699 1051 2786 figura
1106 2700 1212 2779 Quem
1241 2701 1301 2766 tibi
1331 2702 1391 2767 hoc

244 2807 395 2872 datumm
417 2810 537 2893 putas?
581 2804 618 2871 Si
635 2804 723 2870 enim
738 2805 785 2870 ita
800 2813 891 2882 esset,
907 2804 985 2890 quid
1001 2826 1081 2889 opus
1095 2812 1165 2872 erat
1179 2811 1214 2869 te
1230 2803 1390 2890 gradatim

242 2909 327 2991 istuc
354 2911 546 2995 perveniret
575 2909 763 2995 sumpsisses
786 2916 844 2973 tuo
865 2908 949 2994 jura.
994 2907 1081 2987 Quid
1106 2914 1217 2971 autem
1239 2915 1288 2972 est
1307 2907 1390 2972 istuc

191 3037 206 3075 2
211 3033 226 3094 5
242 3014 423 3099 gradatim?
466 3013 555 3078 Nam
576 3035 597 3078 a
617 3013 722 3078 beatis
743 3012 785 3078 ed
806 3013 970 3090 virtutem,
989 3034 1009 3077 a
1028 3011 1149 3077 virtute
1170 3010 1211 3076 ad
1232 3011 1388 3076 rationem

291 3255 307 3304 5
321 3255 471 3316 engratiae!
486 3259 516 3303 ut
527 3251 583 3302 edd.
595 3250 662 3302 after
671 3250 766 3314 Malu,
779 3254 919 3315 cometiae,
932 3258 962 3302 ut
973 3264 1029 3302 uss.
1159 3252 1175 3301 8
1191 3251 1315 3301 diceretur
1325 3251 1389 3303 OUl*

241 3337 299 3386 Asc.
306 3346 341 3395 ψ,
352 3338 494 3387 dicerentur
503 3334 631 3387 mm.
740 3334 755 3384 9
771 3335 850 3384 rideri
861 3347 910 3382 uss
920 3331 1055 3395 generally,
1069 3333 1173 3384 irrideri
1184 3337 1245 3384 Oltv
1254 3332 1313 3384 Asc.
1324 3331 1387 3383 Red.

241 3420 337 3470 Heind.
417 3435 452 3470 aa
462 3419 735 3482 quicquam-vidimus
746 3417 845 3467 follows
853 3419 935 3468 virtue
947 3417 1137 3480 qucmfiporcfi
1148 3414 1180 3466 et
1190 3414 1219 3464 in
1229 3415 1265 3466 all
1276 3428 1325 3466 uss
1336 3414 1388 3465 and

240 3502 297 3552 edd.
324 3501 394 3552 Bake
404 3505 503 3563 transp.
515 3513 556 3549 see
567 3498 667 3549 Oomm.
733 3497 764 3546 11
779 3499 983 3560 placentarum,
996 3498 1135 3558 gignuntur
1145 3493 1206 3547 Solu.
1274 3496 1387 3546 15171άί-

239 3588 311 3632 urent
333 3583 377 3632 Or.
394 3581 443 3632 Be.
463 3579 522 3633 fich.
542 3578 597 3629 Mu.
701 3578 733 3630 17
754 3593 818 3641 quae
834 3577 947 3627 BOEIM
966 3576 1026 3628 seh.
1044 3575 1107 3636 Mu.¹
1129 3589 1176 3638 que
1192 3574 1295 3637 Aah,
1316 3590 1388 3638 quem

240 3663 342 3713 Manat.
361 3663 405 3712 Or.
424 3662 480 3723 Ba,
500 3676 560 3725 quoe
578 3659 656 3710 Herv.
738 3660 889 3721 argumentis
906 3659 1054 3708 sarmatiam
1071 3656 1172 3707 Menut.
1193 3661 1223 3718 s,
1247 3660 1387 3719 argumenti

239 3743 386 3793 senteutiam
404 3754 453 3790 uss
470 3741 605 3804 generally,
629 3744 772 3801 argumento
792 3738 941 3787 sententiam
961 3741 981 3787 0
1002 3734 1070 3786 Med.
1091 3735 1120 3784 ol
1139 3735 1204 3785 Dav.
1221 3734 1313 3785 hamb.
1331 3735 1385 3784 Mu.

239 3830 384 3885 arguuuntur
393 3824 529 3872 secuntiae
540 3821 646 3871 Moser's
656 3820 679 3868 E
690 3817 742 3869 and
753 3818 774 3869 0
787 3817 847 3868 Sch.
859 3817 904 3868 Or.
914 3817 962 3866 Ba.
1081 3816 1113 3864 18
1129 3817 1227 3864 beatum
1236 3822 1318 3865 eutem
1327 3831 1348 3865 e.
1359 3831 1384 3866 v.

239 3900 358 3949 nemiuem
368 3914 417 3948 erre
428 3914 499 3963 poree
510 3899 568 3949 Asc.
582 3899 646 3949 U'ro
659 3896 720 3950 Scir.
735 3897 799 3956 Mn,
814 3899 878 3946 beat,
888 3903 942 3945 aut.
954 3910 1003 3945 ease
1013 3910 1035 3945 r.
1045 3909 1070 3945 v.
1081 3909 1143 3944 uem.
1156 3909 1227 3958 porse
1238 3894 1260 3943 B
1271 3895 1315 3945 Or.
1325 3896 1382 3958 Ba,

239 3980 303 4028 beat.
315 3985 369 4028 aut.
379 3993 401 4028 r.
411 3993 436 4028 o.
447 3993 509 4029 uem.
517 3993 588 4042 poree
599 3977 650 4039 Ac,
664 3980 729 4028 beat.
740 3983 794 4026 out.
805 3992 826 4027 r.
836 3990 862 4026 e.
872 3990 935 4025 uem.
946 3990 996 4024 erre
1006 3975 1039 4025 E.
1142 3975 1175 4023 24
1189 3976 1330 4038 sumpsisses
1342 3983 1384 4026 tuo

232 4060 292 4119 jure
308 4058 406 4108 follows
422 4061 488 4109 istuc
502 4060 629 4121 gradatim
643 4058 662 4108 l.
674 4058 706 4106 24
721 4057 750 4106 in
767 4057 802 4108 all
818 4069 875 4118 uss,
893 4054 1032 4105 Facoiolati
1047 4058 1146 4117 transp.
1209 4057 1383 4119 dempsisset*

236 4141 362 4203 moricum
376 4153 428 4189 om.
445 4139 479 4200 U,
495 4141 561 4189 ictuc
573 4140 801 4202 peruenire-lotoe
814 4138 941 4200 gradatim
950 4149 1003 4186 om.
1018 4140 1037 4185 B
1049 4133 1162 4201 (reading
1176 4141 1199 4186 te
1208 4137 1280 4199 pred.
1290 4151 1381 4201 rumpe.

238 4227 280 4269 tuo
293 4220 372 4286 jere).
440 4221 659 4283 quid-proderint
677 4233 729 4270 om.
748 4217 861 4270 Walker.
933 4218 996 4280 quid
1013 4218 1139 4268 mlo
1159 4218 1233 4284 (οοπ.
1249 4220 1278 4271 to
1294 4221 1378 4283 quod),

237 4302 304 4362 quoa
313 4300 405 4361 XOKV,
419 4302 464 4362 qui
476 4298 536 4351 Sch.
