3076 4944
224 373 268 436 40
608 387 656 434 nr
677 384 820 435 uarum
842 385 994 434 nnoauu.

225 553 354 597 summa
368 531 455 596 enim
471 529 627 595 memoria
642 528 873 614 pronuntiabat
887 527 1042 613 plurimas
1057 528 1188 612 Epicuri
1202 527 1378 592 sententias

228 634 269 699 iis
290 632 368 718 ipsis
387 632 502 710 vorbis,
522 631 639 717 quibus
661 640 754 697 erant
777 631 932 716 scriptae3
953 628 1129 694 Metrodori
1150 652 1233 707 vero,
1247 631 1306 716 qui
1327 638 1378 695 est

227 734 360 821 Epicuri
376 733 497 818 collega
510 733 696 819 sapientiae,
711 732 817 797 multa
833 731 1072 817 impudentiore
1092 731 1247 796 recitabat
1256 755 1264 812 ;
1285 754 1377 797 accu-

224 844 275 900 sat
293 835 377 900 euim
400 835 622 912 Timocratem,
642 835 775 899 fratrem
797 856 902 911 suum,
917 832 1127 912 Metrodorus,
1142 832 1228 917 quod
1250 833 1378 898 dubitet

226 938 346 1017 omnia,
368 959 451 1022 quae
468 937 510 1002 ad
528 937 657 1002 beatam
676 937 777 1001 vitam
798 935 991 1021 pertineant,
1006 944 1119 1000 ventre
1141 935 1258 1012 metiri,
1271 957 1377 1019 neque
1411 967 1427 1027 5

225 1040 259 1105 id
275 1040 375 1106 semel
390 1040 476 1118 dicit,
491 1039 547 1106 sed
565 1039 701 1125 saepius.
745 1039 902 1103 Annuere
923 1045 957 1102 te
977 1036 1090 1118 vide03
1114 1045 1191 1101 nota
1210 1038 1297 1101 enim
1317 1037 1377 1102 tibi

226 1150 321 1224 sunt3
348 1144 522 1229 proferrem
545 1144 651 1221 libros,
675 1142 703 1206 si
729 1163 871 1228 negares.
916 1140 1034 1227 Neque
1058 1163 1144 1206 nunc
1172 1140 1377 1227 reprehendo,

226 1245 313 1331 quod
327 1246 370 1310 ad
384 1246 584 1331 voluptatem
599 1245 709 1310 omnia
728 1246 909 1309 referantur
927 1245 1003 1328 (alia
1017 1251 1067 1309 est
1081 1266 1120 1308 ea
1137 1244 1306 1329 quaestio),
1322 1244 1377 1308 sed

225 1348 323 1414 doceo
337 1348 413 1415 deos
428 1358 550 1415 vestros
564 1371 633 1414 esse
649 1348 827 1434 voluptatis
842 1357 999 1434 expertes,
1015 1348 1063 1412 ita
1076 1357 1182 1412 vestro
1197 1347 1321 1433 judicio
1336 1368 1377 1411 ne

154 1463 211 1522 114
224 1451 337 1516 beatos
366 1452 506 1537 quidem.
555 1452 642 1517 XLI.
687 1451 735 1516 At
764 1451 872 1516 dolore
901 1459 1026 1516 vacant.
1071 1451 1166 1517 Satin
1195 1451 1306 1516 estid
1335 1452 1376 1515 ad
1394 1487 1430 1525 10

222 1554 313 1620 illam
328 1555 550 1621 abundantem
565 1555 657 1620 bonis
673 1555 775 1619 vitam
790 1554 1036 1621 beatissimam?
1066 1555 1205 1639 Cogitat,
1214 1554 1376 1638 inquiunt,

223 1659 350 1724 assidue
365 1659 498 1724 beatum
514 1679 582 1723 esse
597 1679 651 1738 se;
673 1657 774 1721 habet
795 1656 882 1721 enim
901 1656 983 1719 nihil
1004 1655 1101 1733 aliud,
1117 1657 1203 1741 quod
1226 1645 1328 1741 agitet
1342 1656 1377 1719 in

223 1771 341 1827 mente.
387 1761 633 1846 Comprehende
661 1760 761 1846 igitur
790 1759 899 1825 animo
930 1767 964 1823 et
993 1781 1135 1844 propone
1164 1766 1241 1824 ante
1271 1761 1376 1824 oculos

224 1862 322 1928 deum
337 1863 418 1926 nihil
432 1862 522 1927 aliud
536 1862 572 1925 in
587 1862 675 1926 omni
690 1862 885 1927 aeternitate
901 1861 965 1925 nisi
987 1862 1100 1925 ‘Mihi
1122 1861 1280 1946 pulchre
1302 1861 1375 1927 cst'

223 1973 258 2029 et
283 1965 377 2048 ‘Ego
407 1965 543 2029 beatus
566 1963 663 2028 sum'
693 1964 899 2048 cogitantem.
944 1964 1016 2028 Nec
1044 1972 1155 2028 tamen
1184 1963 1285 2042 video,
1312 1987 1376 2049 quo
1393 1998 1427 2053 15

225 2068 318 2132 modo
332 2089 398 2131 non
412 2074 562 2132 vereatur
576 2067 638 2131 iste
655 2067 735 2131 deus
757 2066 879 2143 beatus,
895 2088 936 2131 ne
959 2065 1107 2144 intereat,
1121 2088 1195 2131 curn
1219 2066 1287 2130 sine
1310 2067 1377 2131 ulla

225 2161 461 2235 intermissione
476 2169 624 2255 pulsetur
638 2169 843 2256 agiteturque
858 2178 1044 2241 atomorum,
1059 2169 1239 2234 incursione
1260 2170 1376 2254 sempi-

223 2282 324 2352 terna,
357 2297 496 2359 cumque
522 2297 563 2339 ex
592 2273 661 2360 ipso
691 2274 848 2359 imagines
876 2297 1004 2362 semper
1031 2275 1176 2342 affluant.
1235 2276 1289 2340 Ita
1317 2298 1376 2341 nec

223 2379 339 2444 beat-us
354 2387 404 2444 est
418 2389 524 2445 vester
538 2380 617 2445 deus
632 2401 691 2444 nec
705 2387 864 2446 aeternus.
1265 2432 1267 2434 ,

154 2491 212 2550 115
288 2479 336 2544 At
365 2480 463 2544 etiam
493 2481 534 2545 de
563 2481 744 2558 sanctitate,
771 2480 812 2546 de
842 2481 964 2566 pietate
994 2480 1146 2547 adversus
1175 2482 1250 2547 deos
1279 2483 1377 2548 libros
1392 2515 1430 2552 20

225 2585 351 2671 scripsit
379 2585 547 2670 Epicurus.
600 2586 647 2650 At
676 2608 741 2672 quo
770 2586 864 2651 modo
893 2587 928 2650 in
958 2586 1009 2650 his
1039 2586 1205 2671 loquitur?
1249 2587 1299 2653 Ut
1329 2588 1376 2654 Ti.

225 2690 465 2755 Coruncanium
487 2699 545 2755 aut
566 2690 601 2756 P.
625 2691 822 2769 Scaevolam,
838 2690 1006 2774 pontifices
1027 2689 1194 2768 maximos,
1208 2698 1243 2755 te
1265 2691 1377 2756 audire

225 2794 321 2871 dicas,
336 2816 401 2858 non
413 2801 500 2872 eum,
516 2794 573 2879 qui
595 2794 762 2859 sustulerit
783 2815 913 2858 ornnem
935 2793 1082 2858 funditus
1104 2793 1302 2878 religionem,
1318 2816 1377 2858 nec

224 2897 383 2973 manibus,
398 2905 437 2961 ut
452 2897 584 2973 Xerxes,
596 2896 651 2961 sed
666 2897 844 2961 rationibus
859 2897 993 2961 deorum
1008 2897 1241 2961 immortalium
1255 2898 1378 2981 templa

225 3007 260 3062 et
274 3021 344 3062 aras
360 2999 519 3063 everterit.
564 2998 650 3077 Quid
672 3008 722 3062 est
741 2999 838 3075 enim,
853 3020 910 3063 cur
924 2998 999 3062 deos
1015 2998 1056 3062 ab
1072 2997 1257 3062 hominibus
1272 2999 1377 3062 colen·
1394 3031 1408 3067 2
1413 3027 1429 3086 5

225 3101 282 3166 dos
304 3103 493 3180 dicessum
515 3101 548 3166 di
571 3124 636 3165 non
657 3102 752 3165 modo
775 3101 921 3166 homines
942 3123 1008 3167 non
1030 3103 1144 3176 colant,
1169 3101 1224 3165 sed
1247 3102 1377 3166 omnino

156 3208 212 3266 116
226 3199 309 3264 nihil
323 3209 445 3278 curent,
459 3201 543 3263 nihil
557 3205 678 3284 agant?
722 3202 769 3265 At
784 3210 834 3266 est
848 3223 959 3266 eorum
975 3202 1093 3267 eximia
1108 3201 1268 3287 quaedam
1287 3225 1379 3288 prae·

226 3313 378 3388 stansque
393 3313 519 3382 natura,
534 3313 573 3369 ut
588 3328 627 3369 ea
642 3305 759 3370 debeat
774 3305 844 3390 ipsa
858 3327 916 3390 per
930 3327 964 3370 se
976 3305 1017 3370 ad
1029 3327 1062 3370 se
1074 3305 1240 3369 colendam
1252 3306 1378 3371 allicere

226 3408 414 3492 sapientem.
459 3408 512 3472 An
535 3402 708 3493 quicquam
730 3408 887 3473 eximium
909 3416 1016 3493 potest
1038 3430 1106 3472 esse
1132 3407 1167 3471 in
1192 3430 1230 3473 ea
1255 3416 1379 3486 natura,

226 3531 310 3595 quae
325 3533 384 3574 sua
398 3511 565 3596 voluptate
580 3511 704 3575 laetans
718 3511 801 3575 nihil
822 3533 880 3576 nec
900 3520 1012 3576 actura
1033 3511 1075 3576 sit
1098 3533 1253 3598 umquam
1275 3509 1379 3596 neque
1393 3544 1431 3600 30

276 3741 336 3790 2r'ia
348 3739 400 3797 Ba,
413 3740 452 3789 lu'e
467 3752 517 3789 uss
532 3738 669 3801 generally.
769 3736 800 3786 10
817 3736 1182 3795 arn1c1rx÷‚en²Buonc.
1281 3736 1313 3786 14
1319 3739 1378 3801 pul-

227 3805 608 3880 chreAso.0²H1.00,pelcbro
625 3818 725 3867 Xan.
810 3818 841 3868 15
858 3819 1008 3878 cogitantem
1017 3815 1194 3866 hsreKends.
1282 3815 1314 3865 16
1330 3831 1380 3867 acre

227 3905 342 3949 vereatur
362 3899 480 3949 ABmo
503 3898 562 3950 Sch.
582 3899 646 3961 Mu„
667 3914 717 3948 noa
737 3906 865 3950 moveatur
886 3898 957 3957 CER,
978 3901 1095 3950 videatur
1113 3901 1225 3952 uach
1243 3902 1310 3963 Asa,
1330 3916 1380 3950 aare

224 3987 312 4042 pereat
328 3978 371 4029 Or.
385 3979 441 4040 Ba,
457 3993 507 4028 nen
518 3986 660 4030 conteretur
674 3978 760 4031 Madv.
824 3995 855 4030 rte
866 3981 974 4029 intereat
984 3980 1007 4028 B
1019 3978 1079 4032 Scir.
1091 3979 1155 4041 Mu,
1166 3995 1219 4031 om.
1230 3980 1296 4030 ACE
1310 3981 1379 4031 Mus.

228 4061 272 4110 Or.
286 4059 343 4117 Ba..
358 4058 455 4108 Heind.
471 4063 587 4121 suggests
602 4062 721 4123 quomodo
738 4061 855 4111 videatur
872 4062 922 4110 rili
941 4062 989 4110 iate
1008 4063 1067 4110 dem
1086 4064 1179 4125 beatae,
1199 4073 1245 4114 oet
1262 4068 1380 4128 quoowdo

227 4146 413 4200 recurrerentur,
431 4154 462 4189 ree
477 4140 593 4200 intereat,
606 4141 681 4190 Allen
695 4156 744 4203 qao
760 4142 893 4190 modoaldi
910 4143 1027 4191 videatur
1040 4142 1061 4190 ἰ.
1076 4144 1101 4191 d.
1114 4145 1137 4192 b.
1148 4159 1200 4204 rece,
1216 4159 1247 4194 ne
1263 4147 1378 4205 intereat,

228 4226 350 4270 vereatur.
434 4220 466 4268 21
484 4222 525 4270 Ti.
538 4220 594 4270 edd.
607 4221 673 4270 after
683 4220 787 4282 Heind,
803 4236 854 4270 om.
867 4235 925 4270 uss.
1007 4223 1039 4271 28
1056 4224 1157 4272 allicere
1169 4224 1274 4290 Gnnv„
1288 4228 1379 4278 elicere

230 4299 262 4363 U,
275 4299 363 4348 elicere
374 4297 436 4348 XOB
444 4309 475 4354 ÷.
575 4301 606 4348 30
623 4302 749 4364 voluptate
761 4300 919 4359 UOLmlRV,
931 4302 1058 4350 voluntate
1070 4301 1215 4357 ΧΤΒΗῊ.
